4264 5472
801 503 1041 582 camera,
1643 536 1690 608 Α.

138 674 275 764 regihua
302 672 477 762 produxit,
512 669 577 738 aad
607 670 715 736 obiter
745 673 815 758 ejus
844 693 887 739 ex
946 672 1034 760 qnod
1050 665 1202 740 indicant
1230 675 1315 740 tituli
1344 685 1424 762 tegas
1449 706 1499 746 aa.
1526 685 1625 752 teon„
1653 690 1688 753 tn

15 751 19 786 ’ἱ
139 799 255 844 mucce
276 797 337 844 auc
356 774 505 841 meminit
521 775 555 836 in
574 774 641 838 auia
659 775 765 840 numia
783 779 886 860 impp.
944 775 1076 841 laudato
1106 799 1203 864 cupra
1232 779 1362 843 Aurelii
1383 784 1475 850 Caes.
1506 805 1624 868 numo,
1653 805 1689 855 et

138 879 333 962 Graeciv).
357 879 493 962 Euquo
510 889 762 962 apparemenm
781 877 887 942 amiur
944 867 1053 972 tamen
1084 879 1125 941 ab
1159 880 1402 947 adcuratiaeimo
1425 885 1624 962 ‚Ptolemaeo
1652 891 1687 954 in

139 979 311 1048 cimelium
327 977 414 1044 iatud
432 978 587 1064 adeptum
603 977 716 1047 iniere.
944 979 1139 1044 recensione
1154 981 1284 1045 urbiam
1298 984 1431 1050 OElioiae
1445 989 1614 1069 reticetur,
1629 993 1689 1056 aad

205 1085 315 1164 Caput
329 1083 488 1146 muliebre
506 1081 662 1142 velatum.
684 1075 891 1143 tattTto·
945 1094 1069 1146 tautum
1086 1083 1219 1149 nominc
1237 1086 1463 1164 Antiochiae,
1490 1112 1564 1154 nam
1582 1094 1690 1181 reipsa

136 1179 294 1248 ΧΕΩΝ.
310 1178 430 1244 ΤΩΝ.
444 1173 588 1247 ΠΡΟΣ.
603 1177 706 1245 ΤΩΙ.
719 1178 887 1268 ΣΑΡΩΙ.
946 1202 1036 1261 eam,
1071 1184 1130 1246 aed
1160 1197 1275 1248 vetere
1304 1198 1339 1249 et
1364 1189 1516 1270 populari
1544 1195 1690 1258 Adanac

137 1284 360 1366 Equuslidcr
374 1285 543 1368 gradiens.
566 1282 699 1356 ,AE.11.
724 1281 889 1362 (Pellerin
945 1285 1077 1348 nominc
1107 1301 1351 1352 commemorat.
1397 1293 1453 1357 tlt.
1482 1293 1563 1358 lude
1593 1315 1611 1357 a
1641 1297 1687 1360 M.

136 1391 222 1453 Rec.
239 1385 280 1449 11.
300 1405 334 1468 p.
348 1379 434 1466 thr.)
772 1457 776 1468 ⁴
918 1447 922 1458 ,
943 1385 1082 1449 Aurelio
1101 1385 1209 1448 nullae
1228 1379 1364 1474 amplius
1385 1407 1553 1476 comparet
1569 1415 1686 1460 numae
1750 1449 1753 1456 .

206 1489 315 1572 Caput
352 1486 404 1548 M.
434 1484 603 1560 Aurelii.⁸
630 1479 654 1544 Ξ
692 1481 887 1552 ΑΝΤΙΟΧ.
944 1504 1018 1570 curn
1047 1487 1227 1571 epigraphe
1250 1493 1458 1555 Antiochiae
1481 1499 1525 1558 ari
1547 1497 1683 1574 Sarum,

137 1587 229 1656 IEP.
252 1587 346 1652 ΚΑΙ.
370 1579 508 1650 ACTA.
530 1578 577 1652 Π.
602 1580 766 1649 caPON.
788 1582 885 1652 POB.
943 1585 1075 1664 ¹Adanae
1096 1590 1228 1652 nomine
1250 1593 1448 1676 complaceo.
1480 1598 1564 1660 anta
1583 1599 1688 1662 Aure-

139 1693 291 1774 Iappitcr
314 1701 409 1768 stans
433 1691 465 1750 d.
484 1701 654 1768 pateram,
686 1710 712 1749 s.
737 1687 887 1764 hastam,
942 1687 1023 1750 lium
1042 1689 1152 1752 nullna
1169 1692 1300 1756 uomina
1319 1695 1481 1772 Adonea,
1507 1697 1599 1780 cujus
1622 1721 1685 1762 una

134 1813 198 1876 pro
213 1791 442 1875 pedidusara.
466 1789 604 1870 (Vaill.)
703 1860 707 1870 ‚
762 1837 764 1842 ,
862 1857 869 1868 ,
943 1792 1357 1856 cauaaeetdictanominia
1372 1800 1578 1878 permutatio.
1603 1799 1687 1896 Qua·

134 1955 139 1962 ,
204 1891 277 1956 Soli
294 1902 369 1954 aunt
386 1890 422 1950 hi
438 1890 627 1968 trec-numi,
646 1888 702 1974 qui
716 1887 758 1952 de
774 1887 888 1951 hutic—
943 1887 981 1954 re
1003 1893 1135 1975 conjicit
1157 1895 1271 1972 etiarn,
1294 1896 1493 1980 Stephanum
1516 1921 1578 1984 per
1598 1881 1689 1967 arrai-

136 1982 214 2060 chia
233 1994 315 2058 Saro
338 1992 490 2074 adstituta
509 2013 569 2055 noa
593 1992 744 2056 edocent.
778 1992 887 2074 Scrip·
943 2013 1015 2056 rem
1041 1996 1225 2078 scripsisset
1256 1997 1319 2058 Em
1341 1995 1523 2082 τυΠυραμυ
1543 2023 1604 2085 pro
1624 2003 1688 2066 Em

138 2113 233 2162 torea
263 2109 395 2161 veteres
422 2107 540 2160 tacent.
581 2093 674 2163 Vnus
702 2093 885 2180 Stephanae
942 2089 1098 2174 τυΣιιρυ,
1115 2097 1339 2181 erraveritqae
1356 2099 1391 2177 in
1405 2097 1496 2164 durii
1511 2105 1687 2182 mentione,

138 2200 347 2264 Antiochiam
376 2199 412 2260 iu
439 2195 551 2260 Cilicia
577 2193 706 2280 prodit,
743 2195 802 2258 aed
835 2194 885 2257 hia
942 2210 978 2258 nt
997 2197 1140 2260 Zonaras
1166 2211 1200 2260 et
1223 2198 1408 2277 Cedrenue,
1433 2202 1488 2286 qui
1508 2204 1541 2265 iu
1567 2203 1688 2271 deacri-

141 2301 273 2365 rerhia:
310 2299 381 2376 ἕκτη
408 2299 572 2374 Κιλικιας,
605 2297 652 2358 ἔπι
679 2320 716 2358 ra
739 2292 886 2380 Πυραμκ,
943 2296 1055 2394 hendo
1082 2299 1191 2383 Mopsi
1221 2300 1285 2361 situ
1313 2301 1428 2362 Sarum
1458 2326 1520 2386 pro
1545 2309 1686 2389 Pyramo

140 2415 242 2466 sexta
259 2403 404 2464 Ciliciae
424 2401 469 2462 ad
487 2403 677 2481 Pyramum.
898 2408 902 2418 “
943 2413 1133 2484 posuerunt.
1153 2401 1245 2463 Haec
1260 2401 1589 2488 pleraqneBelleyua‚
1606 2429 1688 2493 qaae

204 2501 362 2566 Eruditua
381 2501 536 2583 Belleyua
557 2501 592 2561 in
618 2499 744 2584 proiixa
766 2499 888 2563 dianer-
940 2501 1017 2586 peri
1031 2503 1178 2586 epeoiem
1196 2493 1317 2566 hahent
1335 2503 1482 2586 quidem,
1499 2507 1559 2572 aed
1575 2509 1689 2574 adaeu-

139 2607 264 2672 tationc
290 2602 433 2689 probare
461 2599 647 2678 contendit,
679 2601 887 2665 Antiochiam
944 2625 1015 2667 aum
1034 2604 1178 2668 nondam
1198 2617 1407 2687 extorquent.

136 2707 315 2772 ansarum
337 2693 476 2768 eandem
497 2723 569 2767 esee
590 2702 811 2781 cumAdana,
837 2704 884 2767 aic
1199 2752 1219 2791 ,
1302 2707 1321 2746 *
1405 2754 1426 2794 g

137 2824 175 2874 ut
189 2807 354 2894 poateriua
373 2807 435 2869 hoc
452 2826 573 2868 nomen
592 2805 692 2868 fuerit
715 2805 785 2888 ejua
809 2827 884 2890 per·
1013 2809 1110 2890 Tyrii,
1140 2805 1358 2886 neritinus,
1389 2823 1464 2873 aunt
1491 2811 1589 2880 obvii.
1631 2814 1684 2878 Ad

135 2924 320 2986 retectum,
351 2908 490 2970 alterum
519 2907 714 2972 Antiochiae
745 2893 883 2971 iriditnm
940 2929 1061 2994 equum
1079 2908 1281 2991 gradientem
1300 2909 1556 2990 observandum,
1577 2915 1686 2982 landa·

135 3013 178 3079 ab
199 3009 365 3076 &hacho
387 3011 461 3086 lV.,
489 3009 548 3072 sed
569 3009 633 3072 hoc
655 3008 760 3074 aerina
782 3008 884 3072 aboli-
939 3023 991 3074 tce
1013 3011 1077 3093 jam
1095 3010 1270 3074 Herodoto
1292 3011 1392 3075 iniere
1415 3011 1534 3078 Cilices
1562 3035 1682 3102 equor,

135 3131 207 3178 taur
231 3125 402 3196 reaumpto
423 3125 538 3175 vetere
561 3111 713 3188 Adanae,
742 3111 882 3196 perinde
941 3113 995 3197 qui
1023 3111 1145 3189 refert,
1176 3135 1194 3176 a
1220 3113 1322 3176 Dario
1349 3114 1518 3200 Hystaspis
1545 3116 1684 3201 impera·
1776 3149 1780 3159 ·

135 3239 174 3284 ac
195 3215 386 3281 Anazarbus
410 3213 533 3277 abolito
561 3212 722 3278 adscititio
748 3213 882 3276 nomina
940 3227 1009 3277 tum
1037 3211 1192 3277 Cilicibus
1224 3215 1381 3277 tributum
1411 3239 1553 3278 annuum
1581 3237 1683 3302 equor

124 3321 321 3386 ,Caesareae
343 3314 498 3383 advetus
521 3336 614 3378 auum
636 3312 799 3398 rediitb).
828 3315 883 3379 Sic
940 3315 1033 3380 albon
1065 3327 1233 3379 trecentae
1253 3316 1435 3398 'sexaginta
1462 3317 1524 3402 d).,
1555 3321 1683 3405 Equum

136 3425 278 3486 Tarsam
295 3439 425 3504 quoque
443 3415 482 3482 ab
500 3417 617 3481 eodem
636 3417 799 3482 Antiocho
817 3417 884 3480 dic·
942 3415 1043 3485 offert
1062 3407 1165 3481 ctiam
1190 3437 1307 3481 unmna
1331 3417 1502 3484 Seleuciae
1527 3419 1569 3483 ad
1593 3421 1685 3506 Caly-

135 3537 203 3588 tam
219 3519 323 3586 iuiare
339 3519 543 3584 Antiochiam
558 3519 680 3582 diserte
698 3518 797 3582 tradit
813 3519 886 3582 Ste-
942 3519 1090 3584 cadouin.

134 3625 263 3712 phanee
285 3624 333 3702 c)‚
368 3634 401 3684 et
422 3621 600 3686 verisimile
623 3620 720 3702 etiarn
743 3634 812 3698 eat,
842 3619 884 3684 ah
932 3691 936 3700 ⁵
1149 3661 1153 3670 =
1194 3650 1215 3688 a
1299 3605 1328 3642 *'
1403 3650 1423 3690 a

135 3725 257 3791 eodem
282 3725 448 3788 Antiocho
475 3724 647 3807 Epiphane
674 3741 795 3784 nomen
822 3735 885 3785 tra·
1003 3723 1139 3803 Eparia
1154 3719 1251 3784 POB.
1268 3723 1302 3785 in
1318 3725 1415 3786 citato
1429 3723 1681 3803 dorolitanae,

134 3831 225 3892 uisae
254 3826 480 3910 Epiphaneam
510 3823 663 3900 Ciliciae,
702 3845 797 3910 quam
830 3843 884 3885 au-
931 3833 1035 3907 ¹quam
1062 3822 1255 3888 Vailiantius
1284 3823 1373 3887 dacit
1402 3825 1441 3888 ab
1468 3846 1553 3889 anno
1580 3828 1621 3895 V.
1644 3824 1682 3893 C.

133 3945 190 3994 tea
226 3929 346 3994 dictam
377 3926 581 3998 Oeniaudum
620 3921 719 3988 tradit
746 3923 883 3990 Plinius.
939 3924 1012 4008 734.
1042 3923 1114 3986 Sed
1134 3923 1289 4004 Belleyua
1312 3927 1359 4006 ε),
1381 3938 1415 3988 et
1436 3925 1682 4010 Peilerinina‘)

133 4036 341 4116 Argumenta
357 4013 488 4112 Belleyi
515 4041 589 4092 aunt
616 4029 644 4090 i,
665 4029 775 4110 'I'ypaa
797 4025 883 4088 Iovia
932 4025 1094 4110 'exemplo
1124 4025 1248 4088 vicinae
1277 4027 1440 4090 Anazarbi
1476 4051 1547 4092 earn
1581 4029 1682 4094 dedu·

122 4133 295 4209 ¹cedentia,
313 4134 369 4216 qni
382 4133 461 4195 item
478 4129 621 4194 occurrit
634 4129 667 4190 in
682 4127 786 4190 numia
800 4125 886 4190 Ada-
941 4127 1073 4208 cantab
1089 4147 1173 4191 anno
1190 4126 1264 4208 735.
1287 4127 1438 4212 Signatus
1456 4149 1537 4215 ergo
1555 4145 1605 4194 eat
1625 4153 1682 4194 nu·

133 4257 199 4300 uae
228 4237 362 4302 nomine
392 4233 453 4298 auh
481 4230 645 4297 Caracalla
676 4245 709 4293 ct
737 4229 883 4298 Valeria·
940 4249 1011 4290 mun
1040 4228 1080 4292 ab
1108 4243 1262 4294 autumno
1290 4231 1331 4296 V.
1355 4232 1392 4299 C.
1421 4231 1494 4314 och.
1539 4219 1682 4315 Oportet

134 4360 179 4403 no
199 4337 347 4423 riguario.
377 4338 416 4398 ll.
437 4337 529 4398 Haec
552 4333 723 4396 Antiochia
748 4331 883 4394 Antoni·
940 4331 1023 4395 adeo
1039 4331 1241 4414 epigraphen
1258 4333 1429 4396 Aurelium
1445 4323 1587 4416 prodero
1603 4333 1683 4397 Cae·

134 4442 170 4504 ni
191 4453 298 4506 aetate
321 4437 400 4504 urba
420 4457 488 4500 non
509 4458 623 4520 parum
643 4434 781 4498 illustria
803 4433 882 4511 fcit,
928 4453 1061 4510 ,aarcm‚
1084 4433 1172 4518 quod
1195 4454 1287 4498 more
1305 4454 1365 4498 auo
1382 4433 1523 4518 negligit
1540 4433 1683 4499 Vaillan·

169 4655 368 4818 ming-255·
440 4661 478 4736 h)
499 4658 752 4754 mcxxxv.
767 4662 870 4738 pcto.
944 4659 1025 4733 c)iu
1039 4657 1172 4741 Ταςσος.
1248 4659 1283 4731 d)
1302 4657 1398 4716 1..111.
1416 4659 1496 4732 ΜΟ.
1571 4659 1681 4734 c)l.c.

129 4761 253 4836 Chic.
296 4765 423 4834 -mtd-
1454 4801 1459 4812 .
