4168 5454
463 551 537 618 ccc
958 528 1270 618 scusvms,
1305 529 1523 606 etcum.

470 715 560 767 sterc
578 701 610 762 iu
628 699 744 764 Museo
762 699 930 778 Gothum,
954 699 1013 763 sed
1032 699 1212 764 secundam
1257 701 1421 762 omnibus·
1432 701 1573 764 cruditis
1585 713 1716 784 gratum
1724 705 1869 788 ficisset,
1885 715 1911 774 si
1923 734 1967 776 ec·-

469 819 602 869 veteres
622 802 693 883 ejus
710 801 875 886 catalogos
893 803 926 863 in
946 802 1005 865 illo
1020 824 1061 865 nc
1079 803 1211 888 quidem
1263 803 1440 886 plicasset,
1467 804 1625 882 quomodo
1642 805 1768 886 primus
1783 829 1879 873 cnam
1897 813 1969 876 itte-
2050 823 2051 838 ¹

472 904 635 968 exstitisse
655 925 814 989 unquam3
840 904 895 988 qni
913 903 959 966 ibi
977 917 1095 980 exstat,
1119 923 1213 986 prce·
1257 906 1314 966 rii
1341 923 1414 964 cum
1440 907 1537 965 uanis
1559 903 1611 980 43.
1635 911 1686 980 44.
1712 909 1763 980 4⁵.
1795 911 1969 976 Antiochou-

456 1007 562 1069 ‘icrre
583 1026 700 1067 uanum
716 1003 799 1070 EM.
821 1005 885 1088 jam
908 1005 986 1068 shira
1005 1005 1081 1067 catis
1101 1005 1212 1087 cogni·
1266 1005 1353 1066 sium
1383 1005 1535 1085 componi
1557 1009 1706 1086 potuerit
1730 1005 1770 1088 ο).
1805 1009 1886 1095 Ergo
1910 1033 1967 1077 cum

465 1105 1213 1189 tmdhfflmfflmuwmffmw
1266 1104 1970 1190 fflfflffimmmmmfflmwfflc

381 1245 388 1258 ·
466 1229 540 1272 rum
557 1207 684 1270 Tiberii
702 1219 932 1290 expungantur
948 1208 989 1283 ii,
1008 1208 1061 1292 qui
1079 1227 1153 1270 cum
1172 1206 1212 1269 ti·
1268 1207 1420 1280 colenus,
1441 1217 1474 1266 et
1490 1206 1970 1300 seriusMsgnanusd)‚nonpc

465 1309 537 1372 tulo
559 1301 1113 1397 ZEBAE'roz.zE1tA2TOT.
1136 1328 1212 1372 con·
1266 1319 1374 1369 terant
1395 1306 1575 1370 sententiae
1592 1309 1714 1371 Noriuii
1739 1332 1802 1373 non
1824 1313 1969 1381 adversari.

467 1411 610 1494 jungunt
640 1427 742 1471 annos
770 1403 855 1474 ΓΜ.
885 1405 967 1472 ΔΜ.
1001 1422 1035 1472 ct
1065 1409 1210 1492 primns,
1267 1413 1319 1470 Ac
1339 1407 1436 1470 facile
1464 1427 1538 1469 cnm
1567 1409 1700 1473 Norisio
1731 1415 1872 1476 convenit
1895 1417 1970 1494 mihi,

467 1527 567 1593 quem
593 1508 627 1569 in
651 1509 809 1591 syliabum
833 1509 1046 1592 recipiemus,
1072 1511 1135 1572 erit
1157 1531 1212 1574 nu·
1256 1508 1323 1594 ·qui
1340 1528 1455 1572 numos
1472 1509 1635 1587 Mosellii,
1653 1511 1792 1584 litteram
1807 1517 1838 1575 A
1856 1536 1918 1578 cum
1931 1541 1971 1580 an·

466 1633 529 1674 nus
553 1607 637 1674 EM.
663 1612 822 1695 iucipiens
845 1613 879 1672 in
903 1611 1090 1695 Septembri
1114 1613 1155 1679 V.
1174 1613 1210 1677 G.
1266 1612 1316 1673 nia
1342 1605 1426 1674 ΓΜ.
1453 1624 1487 1674 et
1510 1609 1593 1675 AM.
1620 1612 1781 1676 sociantes
1807 1617 1838 1676 in
1865 1637 1971 1681 censum

365 1789 371 1800 ¹
466 1709 547 1796 767,
577 1731 641 1795 qno
665 1712 737 1795 ipso
759 1727 908 1796 tempore
925 1709 1077 1775 Tiberius
1099 1727 1132 1775 et
1152 1713 1211 1773 im·
1229 1771 1238 1792 „
1265 1731 1332 1773 non
1349 1712 1493 1795 recipio,
1513 1725 1609 1796 atque
1624 1701 1724 1778 etiam
1742 1737 1812 1779 cum
1828 1717 1971 1785 Vaiilantio

467 1816 596 1900 perium
620 1813 714 1890 adiit,
742 1828 775 1876 et
798 1807 1053 1876 ΣΕΒΑΣΤΟΤ
1081 1813 1209 1875 titulum
1265 1812 1353 1876 idem
1369 1815 1531 1878 sentiente
1547 1818 1587 1898 ⁰),
1606 1835 1704 1900 quam
1720 1829 1855 1896 nostrum
1870 1831 1973 1882 sentcn-

466 1913 1970 2003 iwfflfflmmwmfflfflmfflnjmfflfflmmfflffim

420 2023 424 2030 '
465 2029 555 2079 tunto
572 2014 694 2080 curtius
711 2015 790 2078 licet
803 2017 970 2100 suspicari,
986 2015 1073 2101 quod
1088 2029 1211 2078 utrum·
1254 2017 1423 2091 ¹tonomis‚
1453 2037 1534 2101 quos
1561 2019 1742 2103 descripsi,
1773 2021 1866 2082 silani
1889 2022 1972 2082 numit

467 2137 533 2199 qna
554 2139 686 2178 numum
703 2137 776 2179 cum
795 2120 976 2201 praetensis
993 2110 1156 2181 his'annis
1175 2119 1208 2179 in
1266 2116 1354 2179 nulla
1373 2118 1477 2180 adhuc
1494 2119 1602 2183 littere
1621 2121 1768 2198 additur,
1790 2136 1820 2185 at
1837 2143 1901 2185 cum
1915 2144 1974 2184 ven·

467 2219 561 2282 nullo
580 2217 644 2280 alio
661 2219 809 2302 catalogo
823 2220 973 2303 reperire
989 2220 1100 2294 licuit,
1123 2240 1211 2282 com·
1266 2231 1335 2296 tuin
1352 2219 1456 2282 estad
1473 2241 1591 2284 annum
1606 2219 1711 2298 EM,
1734 2224 1789 2308 qui
1803 2224 1861 2286 fuit
1875 2225 1973 2306 prinus

454 2321 658 2386 memoratis
675 2322 781 2384 solum
801 2321 892 2384 annia
911 2320 995 2386 EM.
1014 2319 1099 2385 ZM.
1268 2320 1410 2395 Tiberii,
1433 2321 1617 2384 adstituitur
1633 2323 1685 2400 Α,
1708 2337 1854 2408 etcequo
1868 2323 1972 2400 deiude,

530 2421 688 2486 Iudicium
717 2410 827 2485 meum
854 2423 974 2485 eximia
1001 2422 1211 2486 confirmetur
1265 2419 1438 2486 interuallo
1455 2422 1603 2505 jungitur
1623 2419 1655 2483 Γ
1671 2444 1746 2486 cum
1763 2423 1858 2504 ZM.,
1879 2424 1973 2489 deinde

467 2520 1972 2610 mmdfflmwssfflmfflmwmmmwmfflhm

464 2625 671 2709 inscriptioni
692 2625 792 2708 partis
814 2643 947 2688 aversae
973 2625 1207 2708 praefiguntur.
1264 2623 1370 2685 numia
1391 2625 1467 2685 unni
1488 2624 1619 2708 imperii
1639 2646 1718 2689 cum
1742 2630 1831 2689 annis
1855 2629 1972 2712 epochae

465 2725 616 2788 Nonisiua
634 2745 707 2788 cum
725 2725 871 2799 videret,
893 2727 1036 2788 litteram
1059 2731 1090 2787 A
1108 2727 1209 2790 cocia·
1263 2721 1441 2787 indubitate
1457 2725 1655 2809 junguntur,
1673 2741 1710 2789 ut
1725 2727 1893 2792 videbimus
1908 2731 1972 2791 inira

465 2829 497 2889 ri
520 2847 592 2890 cum
614 2845 697 2890 anno
717 2823 819 2902 EM„
845 2827 900 2911 q'ui
918 2825 979 2888 init
995 2826 1123 2890 Tiberii
1144 2828 1210 2911 pri·
1256 2823 1392 2911 §.xtlh
1421 2827 1574 2911 Denique
1598 2850 1674 2892 cum
1700 2829 1807 2893 littera
1828 2827 1855 2890 Γ
1875 2845 1929 2894 tam
1947 2832 1972 2890 in

466 2949 560 3004 nnus,
579 2942 612 2991 et
628 2927 769 2990 litteram
788 2925 818 2989 Γ
837 2949 909 2991 cum
929 2941 1013 2990 anno¹
1028 2925 1129 3006 ZM.,
1152 2929 1208 3014 qui
1252 2947 1361 2989 numo
1382 2928 1593 3008 Antiochiae,
1620 2952 1718 3015 quam
1744 2931 1900 2994 Seleuciae
1920 2933 1973 3014 jun·

464 3029 528 3092 fuit
546 3028 671 3090 Tiberii
689 3029 822 3106 tertius,
843 3028 1015 3092 adfirmare
1032 3051 1097 3092 non
1116 3031 1209 3094 dubi·
1263 3041 1358 3112 gatur
1373 3048 1446 3092 cum
1463 3051 1548 3092 anno
1567 3029 1672 3108 ZM.,
1693 3046 1839 3115 apparet,
1858 3035 1974 3096 elemen-

464 3119 1973 3218 tmfflmhwmmwfflffimmfflfflfflmmsswm

468 3247 503 3295 et
524 3245 651 3317 poterat
675 3231 762 3295 istud
784 3231 976 3309 adfirmare,
1004 3253 1077 3296 oum
1101 3234 1206 3309 numi,
1262 3247 1431 3317 utrumque
1451 3233 1568 3296 urbem
1587 3235 1878 3319 aequepertinuit,
1899 3233 1973 3320 quale

467 3327 1797 3418 mwmhmmmmMMmmwmmmffiffi.
1926 3375 1931 3378 -

466 3434 566 3514 AM„
599 3455 701 3520 usque
725 3436 764 3498 ad
793 3455 989 3518 praeconem
1017 3435 1206 3498 Moreilium
1326 3431 1421 3498 ΕΠΙ.
1446 3429 1677 3503 ΣΙΛΑΝΟΤ.
1705 3439 1740 3500 in
1764 3439 1916 3523 plerisque
1937 3437 1975 3498 his

467 3535 1976 3624 omfflwmeMAnmmfflrmhmmmEnmffimmm

465 3639 618 3722 profecto
645 3640 817 3715 minumus,
849 3659 910 3724 qua
932 3639 1057 3702 natione
1083 3641 1208 3702 Haver·
1252 3639 1317 3701 hic
1335 3639 1446 3720 Syriae
1463 3653 1575 3703 rector
1591 3641 1741 3718 Silanus,
1761 3641 1906 3704 dissident
1920 3659 1977 3700 eru·

469 3761 602 3823 campus
623 3753 656 3802 ct
675 3741 735 3803 hos
753 3741 1058 3824 potneritMorellii
1081 3761 1206 3817 numos,
1264 3739 1333 3803 diti.
1374 3739 1610 3824 Glandnrpins‚
1644 3745 1834 3820 Morcltius,
1861 3741 1977 3810 Vaillau·

468 3855 503 3903 et
524 3864 586 3904 una
608 3843 801 3906 sententiam
825 3844 947 3906 Norisii
969 3843 1011 3906 de
1036 3844 1127 3906 annis
1151 3843 1209 3904 im·
1255 3842 1327 3904 ‘tius
1349 3862 1424 3904 eum
1446 3844 1537 3926 genti
1557 3845 1670 3910 Iuniae
1693 3847 1908 3918 inseruerunt,
1936 3841 1978 3903 oh·

464 3941 1977 4025 mfflmwmmmmmffimmmmffimms

468 4045 499 4104 si
528 4046 599 4108 veri
629 4062 719 4125 sunt,
753 4048 875 4109 Norisii
906 4060 1044 4129 systema
1074 4069 1208 4130 prorsus
1264 4037 1408 4130 Pighius
1428 4045 1464 4128 st*
1484 4061 1518 4112 et
1544 4047 1696 4111 Noriaiua
1721 4051 1752 4130 d)
1781 4045 1980 4132 gentitacci·

385 4230 389 4242 .
466 4155 615 4208 evertunt
636 4145 680 4229 b).
721 4149 809 4212 istud
838 4149 933 4212 etiam
961 4145 1094 4211 miratus
1120 4151 1223 4232 Mus·-
1262 4147 1338 4210 liae.
1381 4147 1462 4212 Nam
1492 4150 1553 4212 suit
1584 4151 1626 4218 V.
1650 4149 1686 4213 C.
1717 4150 1790 4231 700.
1823 4146 1924 4211 consul
1949 4141 1980 4235 Q

468 4249 625 4325 solenus,
662 4249 849 4334 bonumque
883 4265 917 4312 et
950 4250 1205 4312 ambidexterum
1264 4249 1424 4312 Caecilius
1440 4250 1595 4314 Metellus
1610 4250 1761 4314 Creticus
1776 4250 1904 4325 Silanus,
1921 4267 1980 4328 qua·

469 4355 731 4434 Harercampum
751 4351 969 4434 compellans,
988 4350 1209 4435 rcm‚inqnit‚
1263 4349 1415 4415 dnicunio
1447 4365 1522 4434 port
1551 4351 1718 4436 regendae
1752 4350 1862 4435 Syriae
1894 4347 1982 4411 admo·

506 4581 536 4649 a)
557 4589 612 4666 Ep.
626 4589 740 4665 Syrum.
756 4587 825 4648 diss.
834 4587 886 4644 111.
903 4599 965 4648 o?-
1063 4585 1098 4659 b)
1117 4600 1274 4646 comment.
1289 4587 1321 4644 in
1334 4587 1404 4674 iam.
1421 4587 1539 4645 Morelh.
1555 4609 1587 4666 p.
1596 4601 1658 4653 225.
1753 4591 1783 4660 c)
1804 4587 1839 4642 de
1857 4583 1918 4642 trib.
1932 4591 1981 4657 pot·

468 4687 554 4751 p.85-
577 4710 581 4716 ,
636 4677 671 4746 d)
688 4677 788 4756 probl.
805 4667 843 4736 de
859 4687 918 4733 net.
936 4675 1007 4734 Chr.
1022 4697 1054 4756 p.
1068 4689 1127 4743 127·
1211 4681 1242 4751 e)
1260 4697 1340 4740 num.
1357 4678 1463 4739 Graec.
1479 4689 1546 4755 μθ.
1632 4681 1663 4752 s)
1681 4677 1790 4736 Annei.
1807 4675 1842 4734 ud
1856 4694 1917 4732 anu.
1931 4675 1980 4734 rm.

470 4765 503 4838 g)
524 4767 626 4864 Ccuot.
640 4767 698 4827 tis.
715 4767 830 4836 diss.H.
846 4789 872 4828 o.
882 4770 925 4833 16·
940 4770 966 4839 §·
979 4777 1021 4832 tt.
1453 4800 1459 4810 ·
