4160 5454
378 487 389 500 “
470 515 544 586 uun
692 507 697 518 ·
1022 495 1211 570 nuens
1245 495 1468 586 suumn.

713 674 750 754 '‚
833 667 853 704 ⁴
938 711 957 751 2
1272 665 1461 750 Epiphanes
1481 669 1676 736 Antiochus
1694 677 1827 741 restite
1845 686 1966 749 condidit

541 773 647 854 Caput
668 776 756 853 regis
776 771 1012 834 diadematum.
1043 759 1216 830 enm-
1271 771 1451 834 itacundus
1471 783 1506 833 et
1521 791 1657 850 saevus,
1678 787 1711 836 et
1732 778 1921 845 simulacrum
1938 789 1965 848 in

472 866 624 938 ΛΕΩΣ.
662 863 916 934 ΑΝΤΙΟΧΟΤ.
949 865 1083 935 ΘΕΟΤ.
1116 866 1215 932 ΕΠῙ-
1269 892 1308 934 eo
1327 872 1516 954 Olympiaci
1532 873 1623 936 Iovis
1640 877 1831 942 imitamenti
1844 887 1967 966 aequipn.

473 967 691 1038 ΦΑΝΟΤΣ.
708 975 823 1036 addito
840 975 876 1034 in
894 963 1214 1033 ottts:N1KH‹l›0-
1271 993 1351 1034 sans
1373 974 1634 1054 magnitudinem
1659 989 1720 1038 etc.
1754 979 1867 1044 Eodem
1890 984 1967 1048 iiico·

471 1069 575 1140 ΡΟΤ.
603 1075 752 1157 Iuppiter
768 1073 959 1136 seminudus
976 1073 1091 1133 sedens
1106 1073 1139 1132 d.
1156 1073 1214 1132 rt-
1264 1073 1366 1156 phori
1382 1073 1580 1157 cognomine
1600 1095 1693 1138 usum
1711 1079 1802 1142 etium
1820 1081 1967 1148 videbimus
2039 1083 2040 1124 ἶ

471 1175 665 1251 ctoriolam,
687 1196 714 1236 s.
731 1173 874 1235 hastam.
902 1163 973 1238 AV.
996 1167 1114 1252 (cauta
1129 1187 1211 1236 mut.
1268 1173 1491 1236 Alexandrum
1507 1179 1532 1240 1.
1549 1175 1664 1242 filium.

470 1271 661 1356 d'Euneuy.)
683 1273 752 1338 AR.
771 1275 795 1336 1.
817 1273 915 1354 (ntus.
933 1272 1024 1336 Caes.
1039 1272 1211 1352 Pelleuin.)
1330 1275 1529 1343 Vaillantins'
1546 1289 1580 1340 et
1602 1277 1784 1345 Feillehius
1810 1305 1909 1348 numos
1933 1289 1967 1348 in·

532 1374 673 1438 Accedit
688 1373 753 1456 jum
771 1385 805 1436 et
818 1373 934 1436 tertius
950 1373 1062 1436 titulus
1078 1368 1211 1450 ΘΕΟΤ,
1268 1376 1407 1458 scriptos
1435 1373 1691 1446 ANTIOXOT.
1719 1379 1965 1449 Nlttltsbotot.

468 1599 541 1642 mus
568 1579 602 1640 in
630 1589 753 1640 corant
780 1575 920 1656 radiata,
952 1578 994 1642 de
1016 1599 1078 1662 que
1099 1597 1209 1660 sapsa.
1268 1579 1967 1670 erroremfelicitereorrexeraPellariuiuc),

466 1679 664 1744 Antiochum
686 1681 727 1744 11.
755 1697 885 1762 quoque
911 1680 1110 1765 appellatum
1133 1675 1209 1742 Θεον
1267 1694 1302 1744 et
1318 1679 1474 1764 Belleyus
1490 1679 1534 1764 d).

466 1781 625 1858 diximus,
646 1779 706 1844 sed
724 1781 777 1843 hic
795 1779 925 1858 titulus,
946 1779 1033 1864 quod
1052 1780 1209 1844 hactenus
1322 1855 1331 1864 ¹
1627 1850 1650 1890 ⁹

465 1883 634 1958 novimus,
658 1884 765 1944 numis
786 1883 896 1946 illutus
917 1903 983 1944 nou
1006 1893 1067 1947 est.
1100 1881 1207 1945 Multo
1523 1893 1545 1936 θ
1731 1899 1751 1939 t
1838 1943 1843 1954 ,

384 2033 386 2040 ,
464 1983 716 2068 indulgentioris
732 1983 874 2047 insaniae
891 1981 996 2045 bonus
1013 1997 1127 2046 noster
1142 1983 1209 2046 Au·
1331 1987 1440 2070 Caput
1457 1988 1549 2070 regis
1567 1989 1746 2052 radiatum.
1773 1985 1968 2068 innitte-

463 2085 612 2160 doetus,
630 2087 686 2171 qui
703 2105 892 2148 communes
910 2085 971 2148 sibi
987 2103 1059 2148 eum
1077 2083 1138 2146 diis
1150 2085 1208 2148 ho·
1264 2082 1352 2152 ΩΣ.
1379 2085 1638 2154 ΑΝΤΙΟΧΟΤ.
1671 2085 1803 2156 ΘΕΟΤ.
1831 2083 1968 2152 Enlstt·

463 2209 564 2253 nuces
583 2189 616 2250 in
639 2187 856 2251 monumentis
876 2186 973 2250 etium
996 2185 1150 2269 publicis,
1173 2198 1207 2249 et
1263 2185 1404 2252 Non:
1424 2191 1661 2254 Ornamentum
1672 2193 1850 2274 singularis
1853 2193 1968 2272 fiennon
2039 2215 2040 2244 t

464 2309 525 2354 suo
540 2289 671 2374 quidem
686 2291 830 2366 nemine,
847 2289 1029 2364 ostentavit,
1047 2287 1093 2350 sic
1109 2288 1204 2350 etiam
1264 2289 1358 2366 eujus
1385 2293 1565 2372 imaginem
1596 2295 1674 2356 vide
1708 2313 1882 2374 expressam
1905 2295 1971 2372 aput

465 2393 680 2476 compellatus
699 2391 841 2476 publica,
858 2411 920 2453 ceu
939 2391 971 2451 in
989 2389 1113 2466 literis,
1128 2411 1206 2474 quas
1264 2389 1457 2472 Huymium·
1481 2393 1537 2472 (Τ.
1549 2393 1573 2455 Ι.
1590 2391 1724 2460 tub.1V.
1739 2395 1824 2475 nd.)
1844 2393 1903 2458 ΔΕ.
1912 2393 1954 2454 ΠΙ.

466 2494 508 2558 ad
527 2515 601 2558 eum
619 2495 795 2556 Samaritae
810 2489 946 2567 dedere,
962 2513 1095 2574 quatum
1112 2511 1208 2554 exor—
1316 2491 1481 2573 -Heymius
1508 2491 1584 2555 huie
1610 2491 1691 2557 dese
1716 2508 1791 2577 tppo
1811 2515 1915 2558 nomen
1932 2513 1970 2554 eu·

464 2596 555 2658 dium
581 2595 677 2678 plane
703 2591 882 2656 secundum
908 2611 1042 2654 suumoas
1075 2589 1207 2652 Baetin
1265 2613 1320 2656 aus
1342 2612 1408 2654 non
1431 2605 1492 2659 eat.
1520 2591 1565 2656 'At
1581 2595 1726 2677 conjecit
1741 2595 1921 2672 Fsiliehius‚
1937 2593 1971 2654 in·

405 2689 408 2698 ’
466 2699 614 2781 Αντιοχῳ
633 2691 703 2775 (desp
718 2691 865 2770 Enipeios
886 2693 924 2775 ⁸).
1266 2693 1368 2756 dieat-i
1389 2693 1522 2756 fibulam
1544 2715 1695 2772 tuream,
1726 2717 1785 2782 qua
1813 2697 1911 2779 Spsiee
1933 2715 1971 2758 re·

526 2797 638 2861 Habea
655 2796 689 2857 in
706 2795 822 2858 eodem
839 2813 939 2858 annuo
956 2807 989 2856 et
1003 2793 1132 2858 titulum
1150 2797 1208 2863 lv.
1266 2813 1325 2877 ges
1351 2797 1439 2858 viros
1463 2796 1589 2860 meritis
1614 2796 1761 2862 illustres
1783 2798 1897 2862 donare
1913 2817 1971 2860 ocn-

467 2891 766 2973 NIKH‹1›0POT‚
797 2897 851 2981 qui
883 2915 975 2960 ancer
1002 2917 1133 2982 qaoque
1157 2911 1209 2960 est
1266 2909 1444 2960 sueverunt
1465 2911 1550 2962 teste
1572 2913 1707 2964 auctore
1729 2899 1883 2966 Mucchtb.
1906 2899 1937 2961 L.
1952 2901 1969 2960 l.

465 2999 625 3064 adludens
644 2999 683 3060 ad
697 2999 807 3061 levem
825 2995 1004 3075 Nasamonas,
1022 3001 1208 3061 Victoriam
1266 3019 1295 3064 c.
1312 2999 1368 3064 XI.
1392 3019 1421 3064 v·
1439 3001 1491 3064 58.

448 3113 659 3184 gestantem,
674 3100 765 3183 eujus
780 3099 932 3179 atimego
947 3119 1081 3162 aversae
1096 3112 1207 3183 typum
1436 3119 1438 3125 ’
1628 3167 1647 3206 1

464 3202 554 3266 iuuit.
586 3199 655 3262 sibi
675 3219 757 3284 ergo
777 3212 914 3282 prepter
931 3197 1062 3263 iteratus
1082 3202 1123 3265 dc
1143 3205 1207 3264 Ae·
1524 3213 1546 3251 ·
1734 3215 1753 3252 t

467 3303 586 3388 gyptiis
615 3283 767 3364 videntes
798 3299 960 3364 addidisse
991 3301 1121 3365 videtur
1150 3323 1208 3365 no·
1329 3305 1437 3386 Caput
1457 3303 1548 3367 Iovis
1573 3305 1661 3366 leur.
1692 3297 1970 3366 tBAZIAEnz‘.

450 3421 560 3482 που,
583 3403 670 3487 quod
688 3402 774 3468 lovis
792 3401 854 3463 luit
873 3401 1054 3484 proprium.
1082 3403 1149 3466 Sed
1164 3404 1207 3466 de
1265 3399 1518 3471 ANTIOXOT.
1548 3401 1684 3472 ΘΕΟΤ.
1709 3395 1971 3468 ΕΠΙΦᾸΝΟΤΣ.

463 3509 544 3572 love
564 3505 753 3589 Nicephoso
774 3502 859 3586 apud
881 3504 1119 3568 Antiochenses
1140 3505 1209 3568 eul-
1265 3509 1397 3589 Aquilo
1409 3506 1557 3588 fulmini
1574 3511 1742 3573 insistens.
1764 3509 1829 3570 ΛΕ.
1844 3527 1883 3568 sn.
1896 3523 1930 3562 m·

465 3623 521 3686 to,
544 3621 577 3672 et
597 3627 695 3691 saepe
715 3606 749 3667 iu
770 3623 884 3667 ectum
905 3605 1011 3668 numia
1030 3609 1206 3690 conspicuo
1330 3611 1439 3692 Caput
1459 3609 1563 3672 Isidis
1587 3629 1661 3670 cum
1671 3611 1765 3696 flore
1789 3609 1855 3671 loti.
1885 3601 1975 3664 idn-

466 3711 561 3788 vide,
587 3729 670 3796 quae
688 3707 870 3772 notabimus
892 3706 926 3768 in
948 3721 1076 3772 moneta
1093 3707 1207 3774 Antio·
1265 3713 1335 3774 dem
1355 3732 1479 3774 auerso.
1502 3710 1573 3777 ΔΕ.
1589 3711 1644 3775 111.
1661 3711 1814 3776 crassior.

466 3814 570 3878 chiae.
606 3809 697 3874 Istud
715 3823 840 3873 tuntum
862 3829 1120 3875 commemorare
1142 3813 1206 3878 hoc
1325 3812 1423 3874 Numi
1446 3811 1481 3873 lsi
1503 3811 1673 3895 praeclare
1693 3813 1803 3895 juvent
1825 3805 1974 3877 historiam,

465 3915 544 3978 loco
570 3913 674 3994 juvet,
705 3913 858 3996 quoniam
885 3913 996 3977 lovem
1024 3913 1089 3978 hoc
1114 3914 1207 3978 cultu
1263 3934 1345 3999 quae
1371 3913 1487 3991 docet,
1513 3927 1637 3998 captum
1659 3913 1757 3978 armis
1780 3911 1818 3975 ab
1837 3905 1974 3972 Antiocho

465 4015 500 4077 iu
518 4013 610 4077 nullo
629 4033 745 4098 regum
760 4013 1026 4099 praecedentium
1042 4035 1143 4080 numo
1161 4017 1206 4081 vi·
1262 4017 1464 4100 Aegyptum,
1496 4029 1529 4080 et
1555 4015 1751 4101 aliquamdiu
1779 4013 1898 4096 dejectu
1915 4007 1976 4068 Phi·

467 4115 590 4189 dimus,
613 4115 769 4199 deinceps
790 4129 898 4179 autem
921 4115 1129 4201 frequenter,
1152 4117 1210 4180 du·
1265 4117 1428 4186 lometore
1450 4131 1610 4182 retentem
1631 4121 1672 4198 θ).
1703 4119 1747 4178 Et
1769 4135 1846 4178 tero
1864 4107 1975 4182 inbuite,

465 4217 557 4281 isium
583 4234 651 4278 non
677 4229 745 4290 eat,
774 4217 901 4300 signum
923 4217 1010 4280 istud
1031 4240 1104 4283 esse
1125 4219 1208 4282 illud
1262 4219 1349 4302 typi,
1372 4233 1406 4283 et
1431 4221 1554 4284 auctius
1578 4219 1703 4303 pondus
1727 4213 1908 4300 Aegyptiam
1927 4209 1977 4269 hot

420 4365 430 4380 2
466 4321 590 4402 ipsam,
614 4317 655 4382 de
678 4337 743 4404 quo
763 4319 952 4381 Ammianus
971 4316 1024 4400 Β).
1045 4322 1210 4401 amplissi·
1264 4341 1380 4382 numos
1404 4341 1484 4404 opus
1505 4323 1609 4405 palam
1636 4321 1840 4404 eloquuntur.
1874 4309 1976 4378 similis

469 4443 557 4485 mum
574 4419 754 4502 Daphnaei
766 4419 942 4502 Apollinis
955 4421 1100 4502 funum,
1123 4424 1210 4501 quod
1264 4425 1447 4504 argumenti
1466 4435 1540 4486 sunt
1558 4423 1655 4486 etiam
1675 4433 1857 4506 sequentes.

503 4641 900 4715 sustentemus.
979 4613 1336 4716 mitialianum.
1410 4650 1440 4718 ο)
1459 4647 1631 4725 nespas
1706 4645 1743 4720 e)
1762 4631 1975 4700 nuum·
2039 4725 2040 4734 Ν

434 4739 437 4743 ’
466 4730 654 4808 hist.p.209.
727 4735 758 4805 c)
775 4733 857 4792 L.11.
874 4733 1028 4796 macchab.
1043 4733 1191 4793 Diodorus
1207 4735 1239 4792 in
1257 4735 1396 4812 Encetpt.
1412 4755 1494 4812 p.m.
1511 4749 1574 4810 579.
