4196 5458
446 563 521 636 sor
1065 533 1382 614 ruoonrco.

445 718 573 794 nonius,
594 714 798 792 Remmius,
822 709 987 788 Clericus,
1008 703 1189 774 Fourm'on·
1245 708 1333 770 inter
1356 705 1488 791 paginas
1512 703 1585 794 bob.
1609 710 1684 790 4²7·
1712 703 1778 794 tp'b.
1797 705 1871 783 IV..
1896 726 1978 790 prae·

444 825 509 884 tius
524 840 565 884 ex
579 817 712 882 ineertis
727 815 869 879 fontibus
886 811 1033 889 edidere,
1047 803 1198 876 eommo-
1246 809 1372 894 soripto
1403 807 1538 892 singuiis
1572 806 1686 870 formis
1719 809 1851 885 valore,
1888 828 1976 892 quem

445 921 580 988 morabo
599 933 722 984 tautum
745 937 803 996 ea,
829 907 912 1001 onae
933 938 951 979 a
974 913 1110 978 laudatis
1132 934 1190 977 no·
1246 913 1314 977 sire
1337 923 1428 975 certa
1446 910 1548 986 ratio,
1578 909 1649 974 siro
1678 911 1867 995 conjectura
1889 909 1976 972 diota·

445 1025 592 1090 striaeri
613 1023 690 1087 viris
708 1019 843 1083 eruditis
864 1031 939 1082 sont
959 1018 1159 1080 oonoinustu.
1194 1009 1198 1014 ’
1247 1013 1301 1078 vit.
1354 1011 1471 1095 Adjooi
1507 1011 1714 1092 alphabetum
1752 1012 1975 1074 samaritanum

508 1126 730 1210 Aipbabeturn
756 1109 968 1183 Phoenicium
995 1131 1122 1201 coptum
1149 1137 1190 1180 ex
1248 1113 1405 1198 proximis
1430 1113 1675 1176 commentariis
1706 1105 1917 1190 serviturum,
1948 1129 1977 1176 ut

443 1233 609 1294 'marmore
634 1223 819 1298 Melitensi,
844 1221 950 1282 numia
976 1221 1190 1296 Phoenicius,
1249 1217 1375 1280 collatis
1403 1217 1572 1300 utriusque
1610 1216 1740 1298 linguae
1780 1215 1884 1278 literis
1921 1237 1974 1280 uno

444 1348 482 1397 et
510 1330 657 1405 Siciliae,
689 1341 756 1390 turn
787 1345 827 1388 ex
860 1321 1075 1386 marmoribus
1106 1321 1191 1384 Citii.
1249 1331 1427 1403 conspeetu
1444 1317 1644 1382 ¹fot-murum
1679 1317 1856 1382 discrimen
1896 1339 1976 1404 appa·

447 1421 665 1512 Bartbeiemy
685 1429 771 1492 nh.
786 1430 886 1490 Mem.
907 1425 1056 1489 'P.·XXX.
1074 1445 1105 1507 p.
1117 1425 1191 1501 405,
1248 1435 1331 1486 reat.

445 1535 527 1597 uem
551 1532 584 1593 ra
612 1531 751 1614 epistola
774 1513 1132 1602 nauarchorum,
1158 1536 1192 1587 er
1512 1551 1532 1589 .
1616 1504 1636 1541 *
1719 1549 1739 1588 .

447 1639 482 1698 iu
498 1636 541 1698 de
560 1633 705 1718 Guigues
722 1630 884 1694 Memoire
905 1649 961 1692 sur
978 1627 1128 1710 l'origine
1149 1625 1191 1690 de
1313 1624 1374 1686 His
1399 1612 1566 1710 disputatis'
1592 1620 1634 1686 ud
1657 1623 1763 1708 ipsum
1788 1623 1852 1710 jum
1878 1645 1975 1688 numo·

448 1737 594 1802 Cbiuois;
1250 1747 1323 1790 rum
1342 1747 1479 1790 examen
1499 1727 1689 1804 transimus,
1712 1747 1852 1811 quorum
1874 1747 1974 1810 agmen

511 1837 730 1922 Aipbabetum
744 1833 1191 1896 Phoenioinmexmsrmore
1250 1828 1423 1892 commode
1448 1828 1629 1892 dividemus
1657 1829 1691 1890 in
1714 1823 1833 1893 numos
1848 1831 1872 1895 1.
1887 1830 1976 1892 Pboo-

449 1939 754 2024 carpentoractensi
769 1933 955 1999 oonssaton.
979 1933 1194 2015 Bartbelemy
1250 1931 1354 1993 niciae
1392 1931 1564 2015 propriae,
1607 1933 1648 1992 11.
1679 1929 1975 2015 Ciiioopboenioios‚

449 2047 486 2108 B.
499 2044 539 2107 L.
562 2039 801 2106 Tomxxxlt.
822 2041 922 2102 Mem.
942 2038 1060 2120 p.7o5.
1249 2033 1305 2097 111.
1343 2027 1727 2108 Punico-Phoenicius,
1770 2033 1825 2096 rel
1868 2033 1975 2096 Siculo·

512 2141 731 2225 Alpbabetnm
748 2139 962 2202 Phoenicium
981 2156 1117 2220 purum,
1145 2133 1194 2195 Si·
1249 2133 1464 2209 Phoenicius,
1503 2137 1561 2202 lv.
1594 2132 1974 2208 Nomio-Phoenicius,

449 2242 789 2318 culo-Phoenicium,
818 2254 852 2304 et
876 2236 1195 2322 Hispano-Phoeni·
1249 2237 1291 2304 V.
1315 2237 1697 2320 Hispano-Phoenioios.

412 2417 416 2426 ,
448 2349 534 2410 oium
555 2365 597 2410 ex
613 2345 727 2408 nuruis.
755 2345 868 2428 Buyer
884 2342 926 2406 do
944 2343 974 2404 ia
993 2339 1113 2424 long-ua
1129 2351 1191 2402 eto.

449 2471 480 2532 Ρ·
498 2448 570 2531 375·
899 2483 904 2492 “
1296 2499 1299 2508 2
1614 2481 1637 2540 1.

514 2550 733 2632 Aipbabetum
755 2548 992 2621 Phoenicium,
1018 2545 1192 2618 Punicum,
1790 2582 1795 2590 .

450 2665 485 2714 et
507 2649 806 2712 Siculo-Punicum
832 2669 872 2710 ex
894 2649 1000 2712 nuruis
1022 2645 1200 2710 concinnu-
1293 2647 1405 2717 Nvuu
1427 2645 1697 2712 PHOENJclAE
1719 2645 1941 2712 PROPRIAE.

450 2767 534 2826 tum,
554 2765 587 2813 et
601 2751 686 2812 notis
704 2749 909 2814 illustratum.
934 2754 1065 2814 Dutons
1083 2747 1195 2832 Expli-

451 2864 503 2918 oat
523 2875 555 2936 p.
571 2853 638 2932 qo(
1044 2839 1050 2846 ’
1196 2851 1200 2860 ’
1313 2853 1385 2914 Hos
1405 2851 1440 2912 in
1462 2850 1553 2912 binas
1571 2851 1691 2916 classes
1711 2850 1890 2914 tribuimus.
1918 2846 1975 2908 Pri·

460 2960 463 2968 '
514 2953 732 3038 Aiphabetam
751 2975 792 3018 ex
810 2952 1025 3017 marmoribus
1043 2952 1197 3014 Meliten·
1250 2975 1304 3017 ma
1329 2951 1511 3017 continebit
1532 2972 1609 3029 eos,
1636 2972 1678 3016 ex
1704 2973 1843 3038 quorum
1868 2949 1977 3034 epigra-

450 3055 539 3119 sibus
561 3057 678 3118 stroxit
698 3056 905 3132 Sumturus,
931 3056 1071 3134 (Philos.
1095 3067 1196 3116 trane-
1252 3060 1317 3144 pbe
1339 3069 1461 3121 certum
1482 3067 1633 3120 tenemus
1654 3055 1792 3132 urbem,
1818 3055 1925 3138 inqua
1942 3051 1975 3112 si·

450 3171 512 3223 sot.
531 3159 704 3244 Voi.L1V.
722 3155 869 3221 tanxu.
889 3157 934 3236 b.)
950 3157 1037 3220 aliud
1055 3177 1097 3218 ex
1113 3173 1196 3220 mar·
1253 3157 1468 3244 guatinum,
1500 3156 1621 3235 altera,
1655 3179 1796 3242 quorum
1818 3153 1973 3244 epigraphe

451 3259 597 3324 moribus
619 3257 712 3335 Citii,
739 3271 773 3320 et
793 3260 897 3320 numia
918 3259 1067 3334 Punicis,
1093 3273 1127 3322 et
1147 3259 1196 3320 Si·
1251 3261 1388 3347 patriam
1410 3261 1516 3322 minus
1538 3259 1797 3324 uertameiiioit.

444 3361 757 3444 outo-phoenicib,
787 3360 880 3442 (ibid.
900 3361 963 3422 tab.
977 3361 1109 3442 XXIV.)
1137 3361 1197 3444 Cy·
1704 3363 1716 3380 ⁹

451 3465 779 3548 prio-Phoenicium.
799 3461 893 3548 (ibid.
913 3462 977 3528 tab.
991 3463 1112 3546 XXV.)

487 3645 491 3652 Ι
515 3565 713 3629 Peiierinius
730 3569 835 3631 varius
852 3565 893 3628 rie
912 3566 1140 3628 nonnullarum
1161 3566 1198 3627 ii·

452 3676 597 3732 terarum
612 3669 718 3732 forma
741 3682 774 3730 et
795 3667 972 3730 mutatione
992 3655 1198 3749 conjecturas

1351 3505 1381 3566 1.
1402 3503 1507 3570 Numi
1527 3507 1661 3570 urbium
1685 3498 1943 3587 cognitarumffl

1534 3707 1725 3772 Marathus.

355 3795 362 3810 ·
448 3767 546 3832 »dedit
562 3771 595 3830 in
609 3771 680 3832 suis
696 3772 828 3832 Lottres
847 3791 879 3852 p.
892 3769 1025 3852 ioseq.

515 3869 699 3953 Alphabeta
730 3869 810 3934 bauo
837 3869 961 3954 juvari,
986 3871 1131 3956 corrigi,
1162 3885 1196 3936 et
1375 3879 1491 3961 Caput'
1505 3877 1689 3952 Mercurii,
1713 3873 1748 3936 iu
1771 3873 1860 3938 aliis:
1888 3871 1977 3954 eaput

454 3972 569 4054 osgeri
589 3985 726 4054 possent
750 3993 791 4035 es
815 3975 926 4036 nuruis
944 3973 1215 4050 tetradraobmis·
1373 3979 1533 4042 muliebre
1549 3978 1707 4040 volatum.

453 4071 572 4146 Aradi,
593 4072 630 4134 iu
654 4072 770 4156 quibus
793 4073 919 4137 variana
941 4059 1196 4142 lirsm'Psoeni-
1252 4089 1369 4168 pffin
1396 4079 1579 4157 (Martio.)
1610 4081 1675 4142 Vir
1693 4091 1791 4144 stoue
1807 4079 1839 4141 d.
1857 4087 1979 4142 arrosit·

446 4172 503 4236 ⁴oia
533 4172 677 4236 medium
705 4195 838 4257 semper
859 4177 972 4246 iooum
994 4178 1087 4240 -inter
1114 4177 1195 4241 duos
1251 4185 1352 4261 lium,
1378 4179 1452 4248 vei:
1485 4187 1640 4248 Victoria
1656 4181 1834 4263 grediens,
1860 4183 1979 4242 inorsa

449 4293 609 4338 numeros
630 4273 757 4340 Grsooe
779 4279 919 4361 scriptos
941 4291 1087 4362 oocupat.
1250 4288 1371 4350 literar
1393 4285 1501 4360 αἱίασ,
1527 4297 1666 4362 quorum
1687 4297 1874 4365 postremae
1893 4279 1978 4340 lineo·

479 4453 483 4458 Ι
515 4369 736 4460 Proponimus
754 4379 788 4440 in
808 4379 933 4460 adiecta
954 4383 1071 4466 pagina
1092 4383 1196 4468 speci·
1251 4389 1297 4450 tis
1315 4399 1478 4450 constant.
1508 4387 1579 4449 AB.
1594 4385 1649 4450 ΠΙ.
1672 4383 1897 4474 (Bartbeiemy
1915 4381 1976 4442 Lot·

452 4501 531 4543 men
552 4479 716 4564 sipbabeti
733 4482 927 4561 Phoenicii,
951 4483 1041 4568 quod*
1059 4485 1196 4550 Bartbe·
1252 4503 1304 4552 tre
1330 4487 1372 4554 de
1398 4489 1490 4566 1700.
1521 4487 1671 4553 Pelleriu
1695 4481 1975 4552 Reo.11.tab.b⁰·

448 4583 581 4664 ‹iemyus
599 4605 647 4648 ea
664 4585 772 4647 numia
790 4585 823 4646 in
840 4585 1021 4678 Phoenicia
1036 4587 1138 4665 ousia,
1163 4601 1198 4652 et
1252 4593 1338 4658 Hos.
1355 4591 1465 4675 Caes.)

452 4683 717 4768 inscriptionibus
736 4687 871 4750 Melitae
889 4689 1108 4766 concinnavit,
1128 4691 1197 4754 vui·
1313 4695 1438 4756 Nomos
1456 4691 1580 4756 similos
1603 4701 1743 4776 propter
1760 4689 1869 4754 literas
1888 4685 1977 4748 Phoe·

449 4789 606 4878 geritque
635 4792 670 4854 in
701 4793 801 4858 Mem.
832 4793 870 4854 B·
892 4793 931 4854 L.
967 4793 1072 4884 Temo
1093 4793 1194 4884 XXX.
1251 4793 1351 4860 nioius
1380 4795 1461 4870 sutis
1494 4795 1641 4880 cognitas
1675 4793 1798 4878 primns
1830 4785 1977 4854 Bartbele·
