4168 5454
431 456 502 536 ses
1042 438 1360 522 Phoeniciu

437 621 569 698 stitotae
594 631 699 682 nerse
722 613 876 698 epochae.
914 609 1074 674 Historici
1096 609 1180 672 nihil
1238 609 1406 688 ridemus,
1433 611 1551 694 Tyrios
1571 612 1633 695 jsm
1654 619 1728 695 post
1744 609 1915 680 inductam
1935 635 1987 676 ac·

437 721 599 793 adimet.
626 713 815 786 Verisimile
833 726 900 789 est,
923 714 1094 776 occasione
1112 711 1182 776 hsl·
1238 735 1309 778 ram
1336 713 1502 798 propriam
1534 712 1568 774 in
1598 715 1703 776 numis
1733 715 2004 778 Seleucidarum‘

440 825 483 900 li,
510 841 575 906 quo
600 831 670 884 tum
695 819 815 882 lustres
836 815 1016 878 Antiochus
1037 815 1121 880 Vlll.
1148 827 1184 878 et
1239 813 1381 902 imagine
1399 813 1532 898 signatis
1547 816 1792 880 Seleucidarum
1810 819 1894 882 item
1910 837 1988 881 aera

441 927 498 993 tx.
523 926 612 990 inter
636 943 672 986 se
695 918 860 989 commissi
883 917 998 994 fuere,
1030 916 1183 980 Sidonios
1240 937 1329 981 usos.
1363 917 1488 984 Verum
1517 932 1650 1000 apparet
1673 916 1715 982 ex'
1742 913 1850 984 nemis
1873 944 1931 1004 r7.
1957 936 1988 984 et

442 1028 504 1094 sihi
521 1025 738 1090 autonomiam
756 1020 945 1097 extorsisse,
968 1019 1058 1102 cujus
1077 1033 1184 1081 tamen
1242 1036 1310 1094 un,
1328 1037 1387 1084 eos
1405 1022 1461 1084 vel
1476 1019 1510 1080 iu
1527 1019 1606 1102 ipsis
1623 1023 1731 1084 nnmis
1747 1041 1865 1104 regum
1881 1025 1988 1107 capite

442 1129 645 1194 mentionem
673 1125 706 1186 in
733 1121 840 1186 uumis
863 1141 1026 1204 nunquam
1053 1111 1186 1198 iecere,
1241 1121 1422 1205 insignibus
1446 1119 1632 1187 adhibuisse
1655 1139 1756 1185 annos
1779 1144 1887 1188 novae
1911 1145 1990 1206 epo-

442 1231 507 1294 uisi
534 1229 623 1293 forts
652 1227 729 1292 hnic
759 1223 941 1290 sententias
963 1221 1077 1286 ‘obsint
1097 1224 1188 1286 numi
1244 1224 1345 1304 chus,
1370 1243 1429 1288 cur
1451 1241 1534 1307 ergo
1554 1243 1630 1286 aera
1647 1224 1897 1312 Seleucidaram
1921 1240 1989 1290 ute·

445 1345 628 1416 17.atar.,
650 1329 714 1412 jam
732 1327 859 1409 epocha
881 1323 1014 1408 propria
1032 1323 1189 1408 insignes,
1246 1340 1362 1388 rentur
1377 1326 1412 1386 in
1428 1323 1632 1390 ausonensis?

441 1435 475 1493 in
499 1429 616 1514 quihus
639 1427 714 1511 qnia
734 1425 839 1491 adhuc
858 1438 1048 1508 comparent
1067 1445 1185 1508 regum
1304 1429 1344 1492 Π.
1364 1429 1438 1490 Νοιι
1453 1427 1553 1492 medo
1566 1422 1789 1492 annus'ZKZ.
1805 1433 1986 1495 autonomis

445 1534 568 1618 capita,
602 1543 671 1594 tum
696 1528 801 1594 adhuc
826 1525 878 1591 his
903 1526 1057 1594 ridentur
1083 1527 1184 1592 fuisse
1243 1530 1434 1612 inscriptus,
1461 1551 1559 1614 quens
1575 1531 1762 1594 Frdlichius
1780 1552 1823 1596 ex
1842 1533 1988 1596 Seleuci·

444 1633 593 1718 subjecti.
1244 1631 1358 1694 durem
1378 1653 1454 1696 aera
1473 1631 1581 1708 ducit,
1608 1631 1668 1694 sed
1684 1631 1785 1696 etiam
1799 1635 1869 1718 typi
1884 1635 1918 1696 in
1938 1636 1986 1697 his

506 1735 684 1830 Quaeritur
696 1733 755 1810 lh,
777 1731 818 1795 ad
833 1732 925 1816 cujus
944 1751 1042 1796 aerae
1058 1731 1187 1796 initium
1244 1724 1360 1817 signati
1383 1733 1594 1815 reperiuntur
1613 1753 1717 1818 aeque
1736 1736 1771 1798 in
1788 1737 1899 1800 numia
1912 1741 1989 1802 'I'ra-

444 1837 600 1922 exigendi
616 1837 679 1900 sint
696 1835 819 1898 anniin
836 1833 1018 1898 autonomis
1033 1833 1188 1910 contenti,
1245 1833 1311 1918 juni
1340 1847 1374 1898 et
1397 1835 1572 1914 Hadriani,
1602 1855 1685 1918 ergo
1717 1837 1801 1901 ratio
1830 1859 1898 1902 non
1926 1855 1989 1916 est,

445 1965 477 2026 v.
490 1962 523 2026 g.
544 1941 618 2006 ΕΚ.
636 1931 745 2004 ΖΚΣ,
770 1951 833 2004 etc.
863 1937 1051 2001 Frdlichius
1075 1923 1189 2002 omdes
1247 1958 1321 2000 eum
1335 1935 1375 2000 ud
1391 1937 1603 2002 vetustiorem
1618 1958 1727 2002 aeram
1743 1940 1911 2024 exigendi,
1925 1941 1988 2004 imo

445 2063 546 2112 annos
569 2043 714 2104 minores
738 2039 777 2100 Ε.
801 2040 876 2106 ΑΚ.
898 2035 984 2102 ΘΜ.
1012 2058 1108 2102 serae
1134 2058 1192 2122 po-
1248 2039 1395 2122 anslogia
1412 2039 1628 2122 posteriorem
1647 2039 1775 2106 suadet.

447 2144 601 2221 nteriori,
622 2163 682 2208 sea
697 2137 906 2203 Sidoniorum
921 2139 1042 2223 illigat,
1066 2153 1099 2202 et
1117 2139 1192 2222 jure
1311 2143 1366 2204 111.
1393 2141 1429 2204 si
1450 2161 1551 2204 mnus
1571 2135 1649 2206 ΚΣ.
1673 2141 1843 2207 ducendus
1874 2159 1927 2208 est
1954 2147 1988 2207 ah

447 2245 559 2326 istud;
586 2264 661 2305 nrm
690 2245 719 2306 si
744 2246 819 2306 anni
847 2244 901 2306 isti
930 2242 1130 2305 ducerentur
1150 2239 1193 2305 ab
1249 2263 1326 2306 sera
1350 2243 1623 2320 Seleucidarnmr'
1650 2244 1747 2306 etiam
1776 2265 1879 2310 annus
1907 2244 1987 2330 sql’.

449 2367 525 2414 aera
561 2344 834 2423 Seleucidurum,
884 2341 1058 2428 prodirent
1098 2342 1194 2420 anni,
1250 2343 1341 2408 nunti
1360 2353 1432 2423 47„
1460 2345 1494 2406 in
1513 2365 1578 2430 quo
1598 2344 1701 2408 Sidon
1719 2335 1899 2410 navnrclrs's
1918 2349 1991 2411 dici·

450 2449 567 2536 quibus
595 2448 698 2512 Sidon
722 2447 829 2512 adhuc
849 2447 1048 2511 Ptolemaeis
1071 2445 1195 2530 paruit,
1251 2460 1324 2522 tur,
1350 2447 1391 2510 ab
1416 2447 1532 2509 eadem
1557 2448 1682 2530 epocha
1705 2449 1769 2511 erit
1788 2450 1990 2524 derivandos,

449 2552 595 2618 noudum
621 2549 815 2614 Seleucidis.
856 2551 899 2610 Ar
920 2547 1008 2632 quod
1028 2547 1116 2609 idem
1143 2568 1197 2609 an·
1254 2549 1404 2634 qnoniam
1430 2551 1600 2633 utriusque
1621 2550 1711 2612 numi
1732 2564 1822 2614 aetas
1844 2572 1911 2614 non
1932 2575 1990 2615 ms·

452 2675 512 2716 nos
534 2653 674 2736 majores
695 2645 775 2716 ΚΣ.
798 2645 905 2716 ΖΚΣ.
930 2671 1026 2714 aerae
1052 2647 1198 2712 Seleuci-
1255 2671 1403 2734 gnopere
1426 2651 1549 2720 differt.
1584 2653 1681 2714 Esset
1701 2673 1784 2736 crgo
1806 2653 1861 2716 hic
1883 2674 1989 2716 numus

451 2755 566 2818 darum
589 2754 734 2838 applicet
755 2755 804 2835 Ι),
836 2751 923 2814 haud
951 2752 1049 2814 dubie
1071 2761 1198 2836 peccat.
1255 2755 1398 2836 signatus
1432 2753 1473 2820 V.
1496 2753 1533 2816 C.
1565 2752 1651 2836 637:
1681 2754 1725 2815 ht
1764 2767 1894 2820 certum
1929 2771 1990 2832 est,

454 2858 537 2920 Nam
567 2875 640 2918 eum
669 2855 705 2916 hi
733 2855 808 2916 anni
838 2853 1080 2937 responderent
1106 2851 1199 2916 annis
1256 2847 1458 2938 ιαυιιρχιδος,
1475 2857 1656 2932 classicae,
1678 2857 1841 2920 honorem
1858 2858 1989 2943 primum

454 2963 496 3028 V.
518 2959 557 3026 C.
577 2957 650 3030 dha.
682 2953 772 3031 668„
801 2968 1014 3039 sequeretur,
1046 2953 1199 3018 Sidonios
1256 2957 1410 3021 collatum
1432 2957 1753 3036 fuisssallomanis,
1781 2962 1839 3044 qui
1859 2981 1920 3044 per
1941 2983 1988 3024 rs·

455 3073 531 3146 post
554 3058 718 3122 inductam
744 3077 828 3121 auno
854 3059 895 3124 V.
917 3057 954 3122 C.
978 3055 1051 3132 643.
1081 3076 1200 3120 nevam
1255 3059 1324 3122 rios
1354 3071 1469 3142 portus
1501 3058 1639 3122 classem
1669 3063 1838 3126 securitati
1870 3061 1991 3145 imperii

457 3161 738 3246 scampachium,
760 3173 857 3244 atque
876 3153 1201 3241 samjaminnnmis
1259 3161 1460 3226 servientem
1481 3159 1726 3228 distribuerunt.
1768 3165 1814 3226 At
1843 3166 1872 3228 si
1898 3185 1990 3228 sunus

459 3267 527 3332 suis
549 3279 710 3342 notatam,
734 3277 770 3328 ut
794 3274 930 3344 apparet
950 3281 992 3323 ex
1012 3261 1103 3324 annis
1122 3259 1152 3322 E
1168 3271 1202 3324 et
1259 3263 1314 3326 hie
1335 3261 1517 3328 deducatur
1534 3263 1574 3327 ah
1594 3263 1698 3328 altera
1716 3266 1864 3348 epocha,-
1879 3285 1989 3348 nempe

462 3367 522 3444 (a,
541 3362 1027 3451 pervicesstcleucidarum
1044 3359 1203 3444 epocham
1261 3365 1353 3441 dae,
1384 3379 1520 3448 apparet
1549 3387 1684 3433 numum
1715 3369 1878 3452 signatum
1898 3369 1935 3436 V.
1957 3369 1991 3432 G.

460 3468 657 3534 transivisse.
681 3469 753 3529 Non
770 3485 875 3548 nego,
892 3462 977 3526 istud
991 3463 1065 3528 lieri
1082 3464 1206 3547 potuis·
1261 3469 1334 3530 838.
1352 3467 1533 3558 imperante
1554 3469 1752 3534 Domitiano.
1784 3471 1912 3534 Revera
1937 3469 1989 3531 suh

463 3592 515 3649 se,
536 3591 645 3654 neque
665 3569 782 3634 desunt
798 3567 831 3630 in
849 3567 983 3630 aliarum
1001 3566 1130 3630 urbiam
1146 3589 1206 3630 nu·
1261 3571 1357 3652 hujus
1377 3583 1470 3653 patre
1490 3571 1691 3654 Vespasiano
1714 3571 1817 3634 Sidon
1839 3572 1991 3638 nauarchi·

464 3673 526 3736 mis
545 3674 616 3755 ejus
634 3669 819 3736 variationis
839 3667 1007 3752 exempla3
1033 3690 1148 3748 verum
1169 3670 1204 3731 in
1262 3669 1323 3734 dos
1343 3669 1438 3732 titulo
1458 3672 1598 3754 primum
1618 3673 1666 3737 uti
1683 3676 1804 3758 coepit.

465 3776 515 3838 his
532 3773 689 3837 hahemus
705 3785 829 3836 certam
845 3769 1021 3847 rationem,
1039 3759 1134 3855 quant
1149 3770 1208 3834 do·
1327 3770 1446 3847 vineo,
1460 3774 1676 3838 Pellerinium
1693 3798 1825 3862 quoque
1839 3797 1928 3840 aerae
1943 3776 1993 3838 Se

467 3889 544 3942 cent
562 3875 669 3950 numi,
693 3875 727 3936 in
745 3874 868 3936 Sidone
884 3873 1028 3954 nullam;
1052 3873 1129 3956 quin
1151 3872 1207 3938 ad·
1262 3872 1465 3938 trucidarunt
1485 3875 1587 3938 nimio
1604 3878 1801 3954 indulsisse,
1823 3879 1879 3963 qui
1902 3877 1937 3940 ah
1957 3897 1991 3938 ea

410 3987 412 3991 ’
468 3979 699 4042 suntrationes
715 3975 895 4052 statuendi,
910 3974 1061 4038 Sidonios
1076 3975 1153 4041 inde
1167 3976 1209 4040 sb
1264 3997 1366 4040 annos
1386 3997 1519 4061 quoque
1536 3975 1649 4042 EMP.
1667 3977 1867 4055 ςΞΡ.ΘΞΡ.
1884 3982 1992 4062 inpar·
2072 3985 2073 4064 f

468 4078 715 4144 iuduetsaltera
728 4078 923 4142 serainhae
937 4090 1210 4164 eonstsoterper·
1265 4079 1314 4144 vis
1342 4081 1526 4144 aeconomis
1551 4094 1701 4144 exarnus
1721 4081 1813 4146 ducit
1835 4081 1884 4164 b),
1912 4081 1991 4160 cujus
2072 4065 2073 4072 ἵ

471 4201 651 4250 severasse.
673 4181 727 4242 En
742 4180 831 4244 illas:
1267 4183 1448 4246 sententiae
1483 4203 1629 4260 musam,
1667 4207 1751 4270 quae
1782 4185 1994 4252 convinceret,

534 4285 560 4349 l.
579 4283 613 4346 si
631 4301 860 4364 nonnunquam
877 4282 918 4344 ad
935 4283 1081 4366 priorem
1097 4282 1212 4346 Seleu·
1267 4286 1390 4351 nuttam
1412 4285 1557 4368 reperio.
1598 4285 1685 4378 Quin
1709 4287 1835 4352 fabrica
1862 4291 1943 4369 (cam
1960 4283 1994 4343 ii·
2072 4289 2073 4308 ¹

473 4385 618 4448 cidarura
637 4380 833 4448 redivissent
848 4384 993 4455 Sidonii,
1014 4383 1100 4446 istud
1117 4383 1213 4450 fecis·
1269 4386 1344 4450 deor
1364 4399 1438 4456 sunt
1454 4389 1550 4450 etiarn
1566 4387 1600 4450 in
1618 4411 1733 4453 museo
1751 4391 1923 4469 Caesareo)
1935 4401 1993 4450 tam

475 4488 594 4572 sentin
611 4505 727 4570 regum
744 4485 856 4568 Syriae
874 4487 1025 4569 gratiam,
1042 4499 1078 4548 ut
1094 4507 1212 4554 revers
1268 4503 1432 4554 remotum
1448 4511 1647 4556 aerumnon
1663 4491 1764 4576 sapit,
1780 4505 1815 4556 et
1833 4487 1994 4558 veris’nnile
2072 4529 2073 4566 ,

513 4699 542 4765 a)
563 4696 670 4753 Annal.
688 4717 719 4772 p.
731 4709 791 4760 105·
808 4707 868 4760 108.
885 4711 944 4762 ¹¹3.
1019 4698 1054 4770 b)
1074 4701 1179 4779 Suppl.
1190 4699 1227 4756 ll.
1243 4720 1274 4776 p.
1285 4711 1330 4765 88.
