4160 5454
760 555 1034 636 Geht'rtl.

110 717 212 784 tuisse
233 717 336 784 altam
354 720 389 784 in
405 719 534 786 Galatis
550 722 710 788 sebasten
733 739 868 809 praeter
1160 727 1201 790 A
1208 737 1384 790 utonem
1395 729 1410 790 i
1417 750 1429 789 .·

111 823 199 884 illam
216 821 333 884 Plinio
348 837 579 901 memoratam,
599 845 781 912 humusque
799 847 868 891 om·

112 945 170 988 ses
189 943 267 988 eum
287 925 444 988 Sebsstes
466 926 647 1012 epigraphe
672 926 783 992 addito
806 948 866 992 seu
989 929 1098 1012 Caput
1125 951 1199 992 eum
1227 931 1318 1012 pileo
1346 931 1494 1013 Phrygio
1521 935 1559 994 in
1585 933 1668 998 luna

114 1021 468 1104 ΤΕΚΤΟΣΑΓΩΝ,
486 1047 547 1092 seu
561 1023 807 1094 ΓΑΛΑΤΩΝ
823 1029 865 1094 ad
897 1032 905 1042 ’
921 1033 1060 1096 bicorni.
1082 1028 1107 1090 Σ
1126 1024 1481 1097 ΣΕΒΑΣΤΗΝΩΝ.
1496 1031 1668 1098 ΤΕΚΤΟ·
1759 1089 1766 1106 ,

112 1130 194 1192 haue
217 1129 356 1190 omniuo
375 1129 563 1212 pertinere,
588 1149 672 1214 quae
695 1130 757 1196 batt
782 1132 865 1196 situs
921 1126 1111 1210 zamN„
1134 1134 1242 1217 ἣρω
1259 1135 1413 1196 vitiatus.
1433 1132 1503 1194 ΑΕ.

111 1230 282 1294 mentione
298 1253 357 1294 saa
373 1245 440 1309 est,
463 1251 528 1316 quo
546 1231 703 1310 sciretur,
724 1253 799 1298 esse
817 1233 865 1296 di·
984 1233 1102 1300 Editus
1117 1249 1168 1302 est
1183 1234 1236 1298 bie
1250 1253 1367 1296 numus
1381 1231 1415 1294 in
1429 1253 1544 1300 museo
1555 1236 1665 1300 Theu-

111 1352 242 1396 sersam
262 1331 305 1396 ab
327 1333 399 1396 aliia
422 1327 558 1396 hrhibus
586 1333 735 1415 ejusdem
760 1335 865 1398 nomi·
921 1335 1007 1419 poli,
1029 1336 1087 1400 sed
1106 1337 1163 1400 ubi
1182 1334 1475 1402 alterumverbum
1491 1357 1680 1422 perperam

109 1437 171 1497 uis.
215 1432 330 1526 Quare
361 1433 466 1498 miror
493 1453 570 1498 saue
598 1435 649 1498 Cl.
670 1436 863 1522 Belleyum,
922 1438 1076 1502 scribitur
1095 1433 1394 1505 ΙΕΚΟΣΑΤΩΝ.

108 1535 865 1626 saliamiuTeotosagisSebasteuagnosoen-
981 1538 1173 1604 KOlNON.
1207 1533 1463 1601 ΓΑΛΑΤΩΝ.
1512 1539 1667 1604 Protome

106 1651 176 1700 tem
198 1649 398 1722 propterea,
429 1638 504 1721 quis
524 1639 669 1718 Plinius,
698 1662 763 1725 quo
786 1643 865 1706 loeo
915 1643 1075 1721 juvenilis
1103 1661 1177 1705 eum
1205 1637 1358 1703 laureato
1380 1638 1471 1720 pileo
1498 1639 1665 1722 Phrygio,

106 1739 336 1822 Tectosagum
367 1739 486 1825 oppida
517 1757 671 1806 recenset
694 1744 742 1824 ¹),
780 1741 864 1806 haee
920 1734 954 1805 et'
980 1763 1058 1805 rum
1085 1742 1168 1804 Iussu
1193 1753 1272 1824 post
1300 1751 1440 1820 tergum.
1483 1735 1508 1798 ἶ
1536 1737 1668 1804 ‹tt-:BA-

107 1857 237 1904 tntum
261 1855 516 1904 commemorate
556 1847 685 1926 Oppido
714 1844 866 1907 Tectosa-
921 1839 1137 1916 eTHNttN.
1178 1843 1343 1925 Templum
1369 1839 1401 1904 h.
1427 1841 1665 1905 columnarum.

105 1965 208 2028 gum.-
226 1945 385 2026 Aneyra-
407 1945 533 2010 Verum
547 1966 587 2008 au
603 1967 670 2009 non
684 1945 771 2009 idem
787 1965 865 2008 oon·
920 1947 990 2008 ΔΕ.
1014 1945 1198 2026 (Pellerits,
1218 1943 1418 2022 Neumeun.)

107 2048 202 2108 sinuo
219 2043 332 2110 addit:
346 2055 479 2128 praeter
493 2045 554 2110 hos
572 2046 741 2111 eelebrent
758 2047 866 2110 Atte-
981 2047 1139 2130 Belleyus
1163 2046 1268 2130 capite
1287 2043 1412 2108 anticae
1432 2043 1583 2108 exhiberi
1601 2045 1666 2108 Au·

107 2149 235 2224 leuscs,
257 2147 449 2212 Arasenses
467 2179 483 2196 ·
572 2142 867 2212 SEBASTENI?
921 2162 1050 2234 gustum
1072 2147 1161 2210 Luni
1185 2145 1296 2230 speeie
1321 2157 1427 2226 putat,
1452 2158 1483 2207 at
1505 2145 1586 2208 mihi
1612 2167 1665 2212 se«

109 2248 202 2334 quod
239 2269 319 2312 sane
357 2245 471 2310 testae»
506 2251 677 2332 praeclare
709 2247 864 2313 convenit
920 2252 988 2314 rius
1006 2250 1226 2314 videturesse
1244 2246 1431 2310 Caracallee
1446 2247 1592 2328 juvenis,
1611 2261 1665 2310 ont

108 2371 188 2416 eum
202 2351 297 2414 numi
313 2350 493 2434 epigraphe
509 2345 862 2413 ΣΕΒΑΣΤΗΝΩΝ.
920 2354 1054 2418 alteriue
1071 2351 1248 2434 cujuspiam
1269 2350 1339 2428 ejus
1358 2335 1442 2414 aevi.

108 2453 212 2528 Esto,
230 2451 629 2518 SebasteusPlinionou
646 2451 864 2533 disertoponi
903 2487 908 2501 ·
985 2453 1104 2519 ΙΕΡΑ.
1136 2445 1432 2516 CTNKAHTOC.
1475 2444 1500 2506 Σ
1535 2445 1665 2512 CGBA·

108 2557 147 2616 iu
163 2555 379 2640 Tectosagis,
404 2553 466 2616 setl
491 2569 601 2617 tamen
624 2554 652 2618 is
675 2575 746 2617 esus
764 2576 782 2616 e
801 2556 865 2616 Te·
921 2551 1137 2621 CTHNle.
1166 2555 1296 2616 Mensis
1315 2567 1420 2616 stans·
1451 2552 1521 2613 ΔΕ.
1544 2551 1676 2634 (Heytn.

109 2659 256 2744 αοωςίι
275 2678 343 2720 nou
363 2655 491 2732 eximit,
513 2677 588 2720 nam
605 2656 811 2722 confidenter
826 2657 865 2719 il·
922 2661 962 2725 Τ.
982 2659 1135 2740 11.‚p.1n.
1156 2655 1242 2736 siit.)
1530 2655 1531 2658 ’

108 2761 174 2822 lsm
192 2759 228 2822 iu
243 2759 390 2823 Galatiae
405 2757 542 2824 urbibus
557 2751 738 2838 enumerat,
752 2759 787 2820 in
801 2777 865 2844 qua
986 2760 1064 2822 AE.
1084 2757 1189 2820 ΕΒΗ.

107 2865 164 2926 siti
184 2864 400 2944 Tectosages.
530 2917 534 2926 .

175 2964 309 3056 Quaeri
325 2964 391 3026 hoo
409 2963 486 3026 loeo
506 2975 634 3047 potest,
660 2962 745 3024 sitne
765 2959 864 3024 Subs-

109 3083 173 3144 ste,
192 3087 293 3154 quem
308 3065 485 3128 Hierocles
502 3077 537 3128 et
553 3062 695 3126 Notitiae
713 3063 746 3124 iu
761 3063 865 3146 Phry·
1052 3117 1057 3130 ,
1140 3062 1442 3142 imperatorii:

110 3173 169 3255 gia
185 3169 371 3245 eolloesnt,
391 3167 507 3232 eadem
523 3185 596 3230 oum
615 3159 751 3229 sebaste
770 3164 865 3228 Gale·

111 3273 203 3336 tise?
233 3269 434 3346 Pellerinio,
463 3269 520 3354 qui
540 3267 663 3330 nullam
683 3268 718 3328 in
737 3267 863 3332 Galatia
983 3265 1065 3327 Cum
1104 3260 1283 3348 epigraphe
1321 3252 1665 3326 ΣΕΒΑΣΤΗΝΩΝ

109 3373 276 3438 sebasten
292 3386 426 3456 praeter
442 3375 604 3453 Aneyram
622 3369 769 3454 agnovit,
788 3389 864 3454 pro-
920 3357 1267 3428 ΤΕΚΤΟΣΑΙῺΝε
1293 3364 1355 3423 Vir
1372 3376 1467 3426 stans
1485 3384 1559 3428 eum
1573 3365 1663 3444 pileo

109 3477 187 3540 bata
216 3475 280 3538 tuit
309 3475 392 3538 haee
420 3475 585 3557 Phrygiae
613 3471 770 3548 Sebaste,
809 3472 863 3534 eui
921 3467 1086 3550 Phrygio,
1108 3465 1140 3526 in
1159 3483 1258 3526 numo
1280 3461 1358 3526 Titi.
1435 3499 1438 3506 ,

110 3579 197 3642 adeo
215 3579 247 3642 is
263 3597 382 3640 numos
400 3575 513 3638 tribuit
531 3569 603 3638 solo
621 3567 863 3635 ΣΕΒΑΣΤΗ·
989 3569 1067 3630 Tres
1083 3571 1210 3650 spicae,
1231 3565 1265 3627 iu
1281 3584 1381 3627 numo
1400 3565 1589 3632 Domitiani.

112 3679 226 3744 NssN
251 3679 438 3762 inscriptos.
478 3677 550 3739 Sed
575 3675 663 3738 l'orte
689 3687 862 3758 praetensa
981 3670 1130 3752 Vterque
1155 3687 1271 3728 numus
1295 3666 1490 3748 proponitur
1514 3687 1532 3727 a
1554 3666 1663 3729 Pelle·

107 3785 195 3846 haee
221 3781 388 3865 Phrygiae
413 3778 549 3842 Sebaste
578 3776 642 3841 alia
671 3795 738 3840 nott
765 3789 860 3840 ests
917 3771 1003 3836 rinio
1027 3767 1078 3852 b),
1108 3781 1142 3830 et
1166 3767 1283 3844 iidem,
1313 3765 1373 3831 sed
1393 3766 1495 3828 vitiati
1516 3765 1556 3828 ab
1576 3769 1662 3850 Hay·

107 3885 278 3960 Galatios,
312 3901 389 3944 nam
415 3879 514 3946 video
538 3879 662 3942 similes
686 3897 861 3942 numerum
917 3873 1001 3950 mio,
1032 3871 1088 3958 qui
1116 3889 1174 3935 eos
1201 3883 1293 3933 reete
1315 3869 1356 3933 eti
1376 3869 1557 3931 Plinisnsm
1578 3868 1662 3934 hano

107 4003 208 4071 typos
235 3983 271 4046 in
298 3983 406 4048 numia
434 4003 495 4046 seu
519 3974 593 4045 ¹solo
620 3971 861 4042 ΣΕΒΑΣΤΗ-
918 3975 1078 4040 Sebaateu
1099 3973 1206 4036 relert
1228 3974 1271 4054 c)‚
1316 3969 1426 4064 Quare
1449 3969 1526 4032 eatis
1543 3971 1661 4034 ,mirari

106 4085 245 4164 NttN,
284 4107 344 4149 seu
373 4076 716 4146 ΣΕΒΑΣΤΗΝΩΝ
754 4079 861 4143 ΤΕΚ·
917 4099 983 4142 non
1005 4095 1137 4161 possum
1158 4073 1393 4152 Pelleriuium,
1415 4072 1471 4156 qui
1488 4071 1660 4155 Haymium

108 4183 355 4252 ΤΟΣΑΓΩΝ
388 4185 572 4269 inscriptos.
626 4183 720 4279 Quae
762 4195 858 4246 eausa
914 4201 1027 4262 seeum
1050 4177 1191 4254 sentire,
1221 4190 1391 4270 et'numos
1413 4175 1474 4238 hos
1496 4173 1537 4237 ae
1561 4174 1660 4238 Seba-

107 4295 189 4366 luit,
220 4311 284 4356 eur
302 4289 470 4374 utriuique
497 4287 631 4372 generis
652 4303 768 4348 numos
783 4303 859 4370 per·
914 4297 987 4347 aton
1013 4281 1173 4364 Ancyram
1204 4299 1324 4345 vocare
1355 4277 1473 4342 eodem
1503 4277 1578 4342 loeo
1605 4277 1659 4339 etl·

106 4391 318 4468 misoeutlos,
340 4405 374 4456 et
392 4391 468 4455 huie
483 4390 628 4454 Galatiae
645 4389 781 4454 Sebaste
801 4387 860 4451 tri·
914 4385 1006 4450 serit.

103 4495 261 4564 tomen
282 4491 473 4578 putaverim.
579 4569 590 4586 ο

105 4673 1660 4708 Μ

145 4819 180 4886 ε)
202 4809 377 4883 unte.
450 4763 485 4885 e)
504 4765 755 4890 neentpnoe.
830 4775 861 4880 ct
880 4803 1186 4884 betleem.
1320 4787 1323 4793 '
