4160 5454
399 545 469 619 130
1032 523 1315 600 GALATIA.

396 717 451 768 ter
471 721 533 788 per
555 719 636 783 opus
658 716 751 762 suum
768 693 925 771 inculcat,
947 705 990 756 ut
1003 693 1085 765 Rec,
1100 695 1142 760 11.
1199 713 1293 757 mors
1311 704 1451 786 constat,
1473 691 1608 760 honoris
1625 707 1748 762 tautum
1765 715 1862 764 causa
1888 715 1947 760 uss

396 829 431 892 p.
450 823 498 870 ro.
520 805 600 867 Rec.
617 802 671 863 lll.
698 821 728 882 p.
743 816 815 880 sqq.
838 795 917 862 stet.
936 797 976 860 11.
1002 817 1035 880 p.
1051 795 1142 874 aas„
1183 809 1268 873 test,
1292 810 1358 858 tam
1376 815 1489 878 parum
1503 809 1642 878 potuere
1650 799 1814 882 ancyrani
1827 797 1955 868 urbem,

397 923 434 972 ut
463 905 545 970 adeo
573 904 655 968 haec
683 902 779 965 toties
807 910 963 982 repetere
982 917 1051 960 neu
1071 891 1167 992 siue
1200 919 1291 962 suurn
1307 895 1453 961 indicare
1474 898 1648 964 scribendo
1668 914 1791 964 tautum
1805 898 1952 966 ΣΕΒΑ·

398 1024 489 1076 certa
510 1007 637 1072 ratione
659 1003 824 1080 videatur,
847 1022 942 1086 quant
960 1015 1071 1063 tamen
1092 999 1144 1066 vir
1199 993 1426 1078 ΣΤΗΝΩΝ,
1434 1019 1528 1085 quant
1539 1021 1653 1083 parum
1662 1006 1845 1070 Tarsenses
1855 1023 1948 1068 susm

341 1117 349 1138 ⁸
399 1106 547 1178 eruditus
574 1107 669 1170 nobis
694 1105 822 1172 invidit.
859 1103 1024 1166 Nonnulla
1050 1119 1144 1185 argu·
1198 1100 1377 1172 scribendo
1419 1116 1542 1166 tautum
1585 1101 1844 1194 ΑΔΡΙΑΝῌΟ,
1891 1107 1947 1170 vol
2068 1171 2070 1176 ,

397 1227 509 1278 menta
538 1210 646 1276 adfert
673 1207 849 1292 Belleyus,
875 1206 936 1290 ,qui
964 1206 999 1266 iu
1027 1203 1143 1268 eadem
1199 1199 1666 1272 MatertNoTssoAt-:ttu
1785 1243 1786 1248 κ
1818 1251 1823 1258 -

398 1317 461 1380 fuit
478 1313 639 1378 sententia
656 1317 696 1396 ·).
718 1311 792 1392 Ego
811 1329 905 1373 secus
921 1307 1145 1390 causeo,'sjo·
1262 1307 1303 1371 Π.
1328 1306 1364 1368 Si
1391 1307 1557 1391 ancyrani
1584 1329 1658 1374 sese
1685 1309 1720 1370 in
1747 1309 1949 1377 Sebastooos

399 1439 483 1503 que,
508 1419 670 1498 Ancyram
691 1427 785 1478 vetus
807 1433 901 1475 suum
921 1429 1043 1474 nomeu
1063 1429 1145 1472 nuu-
1200 1407 1442 1486 inmutassent,
1466 1409 1554 1472 istud
1574 1409 1731 1475 fecissent
1753 1411 1818 1494 jam
1841 1423 1949 1476 aetate

399 1542 496 1604 quam
513 1517 676 1594 omisisse,
693 1529 728 1579 et
743 1515 830 1600 quod
846 1513 1009 1598 sequitur,
1027 1531 1144 1575 numos
1200 1511 1340 1595 Augusti
1354 1526 1491 1578 recente
1508 1511 1613 1576 adbuc
1627 1511 1865 1580 beneficiorum
1881 1533 1949 1576 me·

401 1641 516 1685 omnes
534 1620 581 1684 sic
597 1619 772 1700 inscriptos
789 1637 861 1681 asse
878 1615 1031 1680 Sebastes
1046 1637 1065 1677 s
1080 1615 1146 1676 Pli·
1201 1615 1325 1691 moria,
1347 1613 1446 1698 idque
1469 1637 1590 1680 nornen
1613 1616 1825 1680 retinuissent
1842 1613 1950 1680 adhuc

399 1725 456 1788 nio
482 1733 693 1786 memoratae.
727 1720 809 1803 Ejus
831 1739 942 1784 cusas
963 1716 1075 1782 &mus
1096 1735 1146 1779 so·
1197 1716 1262 1780 sub
1277 1715 1353 1778 Tito
1368 1731 1403 1780 et
1418 1719 1617 1795 Domitiano,
1634 1721 1669 1782 in
1686 1737 1826 1802 quorum
1841 1717 1951 1780 numia

400 1839 553 1912 quantes:
1202 1817 1356 1880 scribitur
1381 1813 1737 1896 ΣΕΒΑΣΤΗΝΩΝ,
1768 1819 1868 1897 olim,
1900 1840 1953 1884 se·

463 1930 491 1993 t.
513 1927 629 2007 Neque
657 1941 700 1988 ex
722 1921 939 2008 scriptoribus
961 1919 1145 1998 veteribus,
1189 1918 1342 1990 ,eundum
1358 1920 1590 1995 Pelleriuium,
1609 1923 1867 2004 Ancyrauorum.
1889 1923 1951 1983 Sin

400 2045 509 2113 neque
524 2026 742 2090 marmoribus
755 2039 896 2104 constat,
912 2025 1074 2108 Ancyram
1089 2046 1147 2086 un·
1201 2022 1307 2100 istud,
1335 2043 1395 2085 cur
1415 2023 1449 2084 iu
1470 2043 1569 2086 numo
1591 2023 1732 2086 Neronis
1752 2023 1838 2107 apud
1861 2024 1952 2090 Vall-

261 2183 266 2192 ,
401 2152 499 2217 quam
516 2144 610 2196 retus
629 2151 722 2192 suum
739 2149 862 2192 nomen
879 2127 1081 2210 deposuisse.
1108 2128 1146 2202 ln
1200 2125 1338 2188 lantium
1365 2123 1487 2208 legitur
1516 2129 1665 2209 Ancyra,
1694 2147 1761 2190 nou
1784 2125 1951 2188 Sebaste?
2075 2141 2076 2144 ’

401 2221 550 2320 qdupiaru
572 2232 668 2315 hujus
688 2231 778 2294 urbis
797 2229 1028 2314 inscriptione,
1054 2229 1145 2310 cujus
1203 2230 1294 2313 Ergo
1316 2249 1354 2291 ea
1375 2227 1453 2290 urbs
1475 2229 1515 2290 ab
1537 2232 1686 2312 Augusto
1716 2228 1757 2290 ad
1778 2229 1951 2292 Neronem

401 2337 515 2420 piures
532 2334 640 2400 adfert
656 2323 873 2410 Murat'orios,
900 2333 982 2396 baec
1002 2330 1080 2394 urbs
1098 2331 1146 2392 di·
1196 2351 1238 2394 se
1258 2329 1387 2413 scripsit
1404 2329 1579 2405 Sebasten,
1603 2330 1663 2392 sub
1683 2330 1747 2393 hoc
1767 2330 1953 2410 Ancyram,

402 2439 489 2504 citur
510 2433 555 2500 H.
574 2429 909 2496 ΜΗΤΡΟΠΟΛΙΣ.
932 2428 1045 2499 ΤΗΣ.
1068 2429 1147 2494 ΓΑ·
1203 2431 1263 2495 sub
1283 2432 1470 2518 Vespasiani
1488 2431 1567 2495 ‚liliis
1587 2431 1765 2510 Sebasteu,
1790 2446 1866 2516 post
1887 2433 1952 2494 boe

392 2531 598 2614 ,ΛΑΤΙΑΣ
615 2529 870 2604 ,ΣΕΒΑΣΤΗο
908 2523 1146 2596 ΤΕΚΤΟΣΑ·
1203 2535 1313 2598 denuo
1331 2534 1514 2617 Ancyram?
1540 2535 1588 2596 du
1605 2535 1639 2596 in
1657 2549 1705 2598 tot
1721 2533 1793 2598 aliis
1812 2534 1952 2596 urbibus

401 2635 522 2702 ΓΩΝ.
534 2633 725 2698 ΑΝΚΤΡΑ
738 2633 783 2716 ¹²).
806 2635 892 2698 Nolo
908 2635 961 2698 hic
978 2655 1051 2698 cum
1066 2635 1149 2698 tttuf·
1201 2639 1310 2702 simile
1331 2637 1487 2700 babemus
1507 2637 1650 2703 levitatis
1667 2637 1879 2722 exemplum?

401 2735 903 2820 feioproptereundem'rocem
918 2731 1148 2800 ΣΕΒΑΣΤΗ
1267 2741 1322 2804 lll.
1344 2738 1380 2800 Si
1408 2741 1537 2822 Ancyra
1573 2739 1688 2802 eadem
1723 2741 1840 2804 fuisset
1874 2760 1955 2802 uum

297 2892 305 2912 .
403 2839 616 2922 exscriptoris
645 2837 888 2901 adcurationem
923 2840 956 2901 iu
992 2841 1148 2924 suspicio·
1203 2842 1357 2919 Sebaste,
1377 2842 1507 2904 titulum
1525 2843 1766 2927 metropoleos,
1790 2842 1952 2925 quoinde

404 2962 481 3004 uem
507 2961 645 3018 vocare,
678 2941 769 3024 cujus
794 2943 878 3004 ratio
901 2941 1033 3005 omniuo
1057 2943 1147 3006 nulla
1203 2945 1375 3008 aNerone
1392 2943 1426 3004 in
1443 2948 1549 3008 uumis
1569 2945 1625 3008 usa
1646 2959 1713 3023 est,
1739 2961 1843 3028 aeque
1862 2941 1954 3006 addi·

405 3044 517 3110 subest
532 3049 572 3125 ο).
595 3049 724 3126 Ancyra
741 3057 789 3107 tot
804 3043 845 3108 ab
861 3044 1009 3129 Augusto
1024 3043 1148 3108 benefi-
1202 3045 1305 3109 disset
1326 3047 1360 3107 in
1381 3047 1486 3113 numia
1511 3067 1571 3110 seu
1591 3041 1953 3122 ΣΕΒΑΣΤΗΝΩΝ,

404 3147 463 3212 ciis
481 3145 607 3208 adtacta
624 3166 659 3209 se
675 3145 802 3212 vocavit
816 3141 976 3226 Σεβαςην,
993 3147 1163 3210 nimirum·
1200 3169 1264 3212 seu
1281 3143 1512 3210 ΑΝΚΤΡΑΣ
1530 3149 1706 3234 inscriptis.
1729 3147 1953 3223 assidemus,

404 3247 624 3318 honorificum
637 3249 723 3310 hunc
737 3249 865 3311 titulum
882 3263 1010 3318 suomet
1023 3249 1149 3314 nomini
1199 3251 1238 3312 iu
1256 3249 1405 3313 omuibus
1422 3251 1529 3314 numia
1548 3271 1621 3314 com
1636 3252 1818 3334 epigraphe
1836 3249 1954 3331 Ancy-

405 3353 510 3416 solum
527 3349 694 3428 addendo,
722 3369 789 3412 nou
810 3371 890 3418 vero
912 3349 1074 3416 abolendo
1093 3371 1150 3417 ve·
1203 3373 1262 3415 rue
1281 3353 1476 3436 metropolis
1494 3354 1625 3416 titulum
1641 3373 1806 3438 uunquam
1825 3350 1954 3425 abesse,
2001 3345 2007 3356 '
2077 3347 2078 3356 ’

405 3469 473 3530 tus,
499 3452 685 3537 quodssitem
703 3451 834 3529 secere,
862 3467 898 3516 ut
918 3454 980 3517 aliu
998 3453 1148 3537 exempla
1202 3467 1239 3519 at
1264 3475 1426 3540 nunqnam
1450 3457 1525 3519 addi
1544 3477 1624 3520 cum
1649 3455 1829 3542 epigraphe
1854 3453 1955 3516 Sebo-
2077 3461 2078 3476 ³

403 3567 542 3632 taceam,
556 3555 716 3632 Thessali,
729 3555 935 3634 Amastriani,
949 3557 1149 3650 Heracleen—
1204 3569 1283 3620 stes.
1312 3555 1403 3648 Quae
1424 3559 1494 3639 elus
1511 3559 1614 3637 ratio,
1640 3561 1669 3622 si
1687 3579 1748 3621 unu
1769 3555 1955 3638 eademque

405 3672 558 3723 secate:
580 3657 771 3742 inquorum
788 3653 1150 3722 numisZEBAZTH·
1205 3658 1283 3723 urbs
1303 3659 1386 3722 fuit?
1527 3729 1533 3742 ,

407 3759 529 3824 ΝΩΝ.
552 3753 837 3824 ΘΕΣΣΑΛΩΝ.
859 3747 904 3808 s-
924 3757 1148 3826 CSBACTH.
1268 3763 1324 3829 tv·
1353 3761 1532 3852 Quaeritur
1562 3764 1661 3850 item,
1699 3783 1760 3826 cur
1790 3759 1957 3824 vocabulo

406 3857 663 3924 AMACTPIC.
681 3897 724 3910 -
740 3855 1149 3928 essecestram&
1205 3857 1547 3928 ΣΕΒΑΣΤΗΝΩΝ
1574 3863 1701 3928 addidit
1727 3861 1818 3926 uliud
1847 3863 1961 3924 TER..

407 3953 494 4024 ΩΝ.
519 3961 553 4021 iu
577 3982 694 4039 numo,
723 3983 820 4046 quem
843 3965 1026 4030 Heracleae
1050 3967 1149 4029 Ponti
1205 3961 1463 4029 ΤΟΣΑΓΩΝῬ
1485 3967 1639 4030 nimirum
1655 3981 1741 4030 utse
1757 3962 1886 4028 ebaliis
1903 3983 1960 4026 urs

407 4061 522 4157 tribuit
550 4063 766 4143 Pellerinius,
802 4067 914 4130 Lasaia
941 4068 1148 4132 Thessaliae:
1204 4067 1317 4144 bibus,
1341 4068 1477 4132 Sebaste
1495 4069 1574 4133 item
1596 4070 1708 4144 dictis,
1734 4071 1959 4146 discerneret,

407 4157 1150 4232 ΣΕΒΑΣΤΗΝΩΝ.ΛΑΜΙΕΩΝ.ἰιιωει-
1203 4169 1327 4234 addidit
1348 4173 1566 4256 Tectosagos,
1592 4173 1765 4258 inquibus
1796 4175 1858 4237 sita
1881 4174 1959 4240 fuit.

409 4287 504 4330 more
522 4267 694 4330 Muratorii
714 4265 758 4350 d).
792 4271 827 4334 Si
847 4290 928 4354 ergo
947 4271 1074 4354 Ancyra
1092 4291 1150 4334 no·
1207 4271 1381 4366 Quomodo
1409 4295 1491 4360 ergo
1516 4277 1673 4351 Sebaste,
1704 4275 1784 4337 olim
1806 4278 1962 4359 Ancyra,

409 4390 486 4433 meu
508 4389 602 4430 suum
625 4389 788 4452 nunquam
812 4373 973 4454 seposuit,
997 4387 1053 4436 aut
1067 4393 1149 4437 oum
1205 4395 1242 4440 se
1267 4376 1424 4441 discrerit
1448 4378 1489 4440 ab
1512 4379 1615 4442 altera
1641 4389 1730 4441 certa
1755 4376 1895 4440 Sebaste
1920 4377 1962 4438 im

409 4471 541 4535 uomina
570 4470 722 4536 Sebastos
754 4475 966 4554 permutavit,
999 4473 1059 4537 sed
1088 4473 1150 4540 bsc
1205 4476 1321 4540 iisdem
1341 4480 1533 4564 Tectosagis
1553 4479 1681 4564 posits?

411 4573 643 4654 appellatione,
666 4572 754 4659 quod
769 4575 884 4638 saltatu
897 4595 940 4638 ex
954 4575 1051 4638 unico
1067 4597 1150 4642 mar·
1268 4581 1320 4642 Ex
1338 4580 1388 4643 his
1406 4581 1579 4667 ergojure
1599 4581 1801 4666 colligimus,
1829 4580 1960 4644 nullam

448 4777 899 4860 s)B.1,T.xxxvt1.p.591.
974 4783 1010 4857 b)
1028 4766 1198 4863 presso*
1244 4791 1275 4862 e)
1294 4789 1430 4846 Arserit.
1448 4789 1509 4866 lap.
1528 4801 1630 4866 p-ltl·
1705 4788 1740 4862 d)
1760 4800 1902 4866 pag-550·
