<?xml version="1.0" encoding="UTF-8"?>
<!DOCTYPE html PUBLIC "-//W3C//DTD XHTML 1.0 Transitional//EN"
    "http://www.w3.org/TR/xhtml1/DTD/xhtml1-transitional.dtd">
<html xmlns="http://www.w3.org/1999/xhtml" xml:lang="en" lang="en">
 <head>
  <title>
</title>
<meta http-equiv="Content-Type" content="text/html;charset=utf-8" />
  <meta name='ocr-system' content='tesseract 3.04.00' />
  <meta name='ocr-capabilities' content='ocr_page ocr_carea ocr_par ocr_line ocrx_word'/>
</head>
<body>
  <div class='ocr_page' id='page_1' title='image "./doctrinanumorum02hohlgoog/doctrinanumorum02hohlgoog_0058.png"; bbox 0 0 4264 5472; ppageno 0'>
   <div class='ocr_carea' id='block_1_1' title="bbox 626 507 1696 639">
    <p class='ocr_par' dir='ltr' id='par_1_1' title="bbox 626 507 1696 639">
     <span class='ocr_line' id='line_1_1' title="bbox 626 507 1696 639; baseline 0.005 -16"><span class='ocrx_word' id='word_1_1' title='bbox 626 535 628 547; x_wconf 88' lang='lat'>&#39;</span> <span class='ocrx_word' id='word_1_2' title='bbox 759 507 998 628; x_wconf 65' lang='lat' dir='ltr'><strong>umecta:</strong></span> <span class='ocrx_word' id='word_1_3' title='bbox 1499 597 1503 608; x_wconf 83' lang='lat'><em>-</em></span> <span class='ocrx_word' id='word_1_4' title='bbox 1649 571 1696 639; x_wconf 68' lang='lat' dir='ltr'><strong>aa</strong></span> 
     </span>
    </p>
   </div>
   <div class='ocr_carea' id='block_1_2' title="bbox 110 717 889 1611">
    <p class='ocr_par' dir='ltr' id='par_1_2' title="bbox 110 717 889 1611">
     <span class='ocr_line' id='line_1_2' title="bbox 203 717 887 799; baseline -0.003 -17"><span class='ocrx_word' id='word_1_5' title='bbox 203 717 473 785; x_wconf 80' lang='lat' dir='ltr'><strong>AlterFriilichii</strong></span> <span class='ocrx_word' id='word_1_6' title='bbox 488 737 584 781; x_wconf 85' lang='lat' dir='ltr'><strong>error</strong></span> <span class='ocrx_word' id='word_1_7' title='bbox 598 717 636 780; x_wconf 86' lang='lat' dir='ltr'><strong>ad</strong></span> <span class='ocrx_word' id='word_1_8' title='bbox 650 718 724 780; x_wconf 88' lang='lat' dir='ltr'><strong>anni</strong></span> <span class='ocrx_word' id='word_1_9' title='bbox 740 721 887 799; x_wconf 84' lang='lat' dir='ltr'><strong>inscripti</strong></span> 
     </span>
     <span class='ocr_line' id='line_1_3' title="bbox 110 817 889 912; baseline -0.004 -28"><span class='ocrx_word' id='word_1_10' title='bbox 110 822 289 912; x_wconf 35' lang='lat' dir='ltr'><strong>&#39;epitheta</strong></span> <span class='ocrx_word' id='word_1_11' title='bbox 312 820 465 903; x_wconf 76' lang='lat' dir='ltr'><strong>pertinet.</strong></span> <span class='ocrx_word' id='word_1_12' title='bbox 504 821 650 904; x_wconf 76' lang='lat' dir='ltr'>Legerat</span> <span class='ocrx_word' id='word_1_13' title='bbox 668 820 714 882; x_wconf 82' lang='lat' dir='ltr'><strong>iat</strong></span> <span class='ocrx_word' id='word_1_14' title='bbox 747 817 805 881; x_wconf 85' lang='grc' dir='ltr'><strong>ΕΤ</strong></span> <span class='ocrx_word' id='word_1_15' title='bbox 828 818 889 882; x_wconf 82' lang='lat' dir='ltr'><strong>IG-</strong></span> 
     </span>
     <span class='ocr_line' id='line_1_4' title="bbox 140 916 888 988; baseline 0.003 -6"><span class='ocrx_word' id='word_1_16' title='bbox 140 917 402 988; x_wconf 58' lang='lat' dir='ltr'><strong>Potuit-301⁸.</strong></span> <span class='ocrx_word' id='word_1_17' title='bbox 432 916 577 984; x_wconf 68' lang='grc' dir='ltr'><strong>ΗΡΩτυ</strong></span> <span class='ocrx_word' id='word_1_18' title='bbox 598 919 704 986; x_wconf 64' lang='lat' dir='ltr'><strong>AEG.</strong></span> <span class='ocrx_word' id='word_1_19' title='bbox 721 943 808 985; x_wconf 84' lang='lat' dir='ltr'><strong>enno</strong></span> <span class='ocrx_word' id='word_1_20' title='bbox 835 945 888 986; x_wconf 84' lang='lat' dir='ltr'><strong>sa-</strong></span> 
     </span>
     <span class='ocr_line' id='line_1_5' title="bbox 137 1022 888 1108; baseline 0.003 -24"><span class='ocrx_word' id='word_1_21' title='bbox 137 1045 197 1086; x_wconf 87' lang='lat' dir='ltr'><strong>cro</strong></span> <span class='ocrx_word' id='word_1_22' title='bbox 209 1043 296 1086; x_wconf 82' lang='lat' dir='ltr'><strong>nouo</strong></span> <span class='ocrx_word' id='word_1_23' title='bbox 313 1028 402 1102; x_wconf 85' lang='lat' dir='ltr'><strong>ab7.‚</strong></span> <span class='ocrx_word' id='word_1_24' title='bbox 426 1042 489 1108; x_wconf 88' lang='lat' dir='ltr'><strong>qua</strong></span> <span class='ocrx_word' id='word_1_25' title='bbox 502 1023 530 1084; x_wconf 91' lang='lat' dir='ltr'><strong>ia</strong></span> <span class='ocrx_word' id='word_1_26' title='bbox 543 1022 701 1106; x_wconf 84' lang='lat' dir='ltr'><strong>deceptae</strong></span> <span class='ocrx_word' id='word_1_27' title='bbox 720 1024 802 1088; x_wconf 76' lang='lat' dir='ltr'><strong>falae</strong></span> <span class='ocrx_word' id='word_1_28' title='bbox 820 1025 888 1090; x_wconf 82' lang='lat' dir='ltr'><strong>lec·</strong></span> 
     </span>
     <span class='ocr_line' id='line_1_6' title="bbox 138 1113 887 1208; baseline 0.007 -22"><span class='ocrx_word' id='word_1_29' title='bbox 138 1126 232 1189; x_wconf 85' lang='lat' dir='ltr'><strong>tione</strong></span> <span class='ocrx_word' id='word_1_30' title='bbox 261 1125 352 1190; x_wconf 83' lang='lat' dir='ltr'><strong>raria</strong></span> <span class='ocrx_word' id='word_1_31' title='bbox 380 1113 471 1207; x_wconf 78' lang='lat' dir='ltr'><strong>patet</strong></span> <span class='ocrx_word' id='word_1_32' title='bbox 499 1145 596 1208; x_wconf 84' lang='lat' dir='ltr'><strong>poree</strong></span> <span class='ocrx_word' id='word_1_33' title='bbox 619 1125 773 1202; x_wconf 85' lang='lat' dir='ltr'><strong>rtabiliri,</strong></span> <span class='ocrx_word' id='word_1_34' title='bbox 805 1145 887 1208; x_wconf 87' lang='lat' dir='ltr'><strong>quae</strong></span> 
     </span>
     <span class='ocr_line' id='line_1_7' title="bbox 137 1221 887 1291; baseline 0 -2"><span class='ocrx_word' id='word_1_35' title='bbox 137 1226 265 1290; x_wconf 88' lang='lat' dir='ltr'><strong>eruditi</strong></span> <span class='ocrx_word' id='word_1_36' title='bbox 294 1225 336 1288; x_wconf 92' lang='lat' dir='ltr'><strong>de</strong></span> <span class='ocrx_word' id='word_1_37' title='bbox 351 1221 536 1290; x_wconf 71' lang='grc' dir='ltr'>ἘΤΟΤΣ</span> <span class='ocrx_word' id='word_1_38' title='bbox 565 1221 706 1291; x_wconf 80' lang='grc' dir='ltr'><strong>ΝΕΟΤ.</strong></span> <span class='ocrx_word' id='word_1_39' title='bbox 739 1222 887 1289; x_wconf 85' lang='grc' dir='ltr'><strong>ΙΕΡΟΤ.</strong></span> 
     </span>
     <span class='ocr_line' id='line_1_8' title="bbox 135 1327 887 1412; baseline 0.003 -22"><span class='ocrx_word' id='word_1_40' title='bbox 135 1330 331 1394; x_wconf 68' lang='lat' dir='ltr'><strong>Flauiorum</strong></span> <span class='ocrx_word' id='word_1_41' title='bbox 344 1327 452 1389; x_wconf 80' lang='lat' dir='ltr'><strong>nemin</strong></span> <span class='ocrx_word' id='word_1_42' title='bbox 474 1327 639 1410; x_wconf 74' lang='lat' dir='ltr'><strong>argenteis</strong></span> <span class='ocrx_word' id='word_1_43' title='bbox 656 1327 814 1412; x_wconf 74' lang='lat' dir='ltr'><strong>inauri-,pto</strong></span> <span class='ocrx_word' id='word_1_44' title='bbox 832 1329 887 1392; x_wconf 89' lang='lat' dir='ltr'><strong>do·</strong></span> 
     </span>
     <span class='ocr_line' id='line_1_9' title="bbox 137 1429 886 1510; baseline -0.003 -18"><span class='ocrx_word' id='word_1_45' title='bbox 137 1443 289 1494; x_wconf 85' lang='lat' dir='ltr'><strong>cuerunt.</strong></span> <span class='ocrx_word' id='word_1_46' title='bbox 320 1430 365 1490; x_wconf 76' lang='lat' dir='ltr'><strong>At</strong></span> <span class='ocrx_word' id='word_1_47' title='bbox 380 1430 468 1492; x_wconf 88' lang='lat' dir='ltr'><strong>euim</strong></span> <span class='ocrx_word' id='word_1_48' title='bbox 482 1429 659 1510; x_wconf 73' lang='lat' dir='ltr'><strong>exploratio</strong></span> <span class='ocrx_word' id='word_1_49' title='bbox 678 1430 833 1492; x_wconf 86' lang='lat' dir='ltr'><strong>adcurate</strong></span> <span class='ocrx_word' id='word_1_50' title='bbox 849 1431 886 1492; x_wconf 83' lang='lat' dir='ltr'><strong>li·</strong></span> 
     </span>
     <span class='ocr_line' id='line_1_10' title="bbox 137 1531 886 1611; baseline -0.004 -14"><span class='ocrx_word' id='word_1_51' title='bbox 137 1533 240 1611; x_wconf 85' lang='lat' dir='ltr'><strong>teria,</strong></span> <span class='ocrx_word' id='word_1_52' title='bbox 262 1544 586 1596; x_wconf 72' lang='lat' dir='ltr'><strong>ornamentorum</strong></span> <span class='ocrx_word' id='word_1_53' title='bbox 603 1531 709 1593; x_wconf 89' lang='lat' dir='ltr'><strong>altero</strong></span> <span class='ocrx_word' id='word_1_54' title='bbox 729 1532 886 1596; x_wconf 73' lang='lat' dir='ltr'><strong>Etruscil-</strong></span> 
     </span>
    </p>
   </div>
   <div class='ocr_carea' id='block_1_3' title="bbox 942 719 1754 1616">
    <p class='ocr_par' dir='ltr' id='par_1_3' title="bbox 942 719 1754 1616">
     <span class='ocr_line' id='line_1_11' title="bbox 1007 719 1690 806; baseline 0.004 -25"><span class='ocrx_word' id='word_1_55' title='bbox 1007 719 1088 782; x_wconf 84' lang='lat' dir='ltr'><strong>Eato</strong></span> <span class='ocrx_word' id='word_1_56' title='bbox 1101 738 1148 782; x_wconf 82' lang='lat' dir='ltr'><strong>ex</strong></span> <span class='ocrx_word' id='word_1_57' title='bbox 1168 732 1316 784; x_wconf 78' lang='lat' dir='ltr'><strong>aeterum</strong></span> <span class='ocrx_word' id='word_1_58' title='bbox 1339 721 1593 806; x_wconf 80' lang='lat' dir='ltr'><strong>antiquariorum</strong></span> <span class='ocrx_word' id='word_1_59' title='bbox 1617 742 1690 802; x_wconf 68' lang='lat' dir='ltr'><strong>aen7</strong></span> 
     </span>
     <span class='ocr_line' id='line_1_12' title="bbox 944 819 1689 906; baseline 0.004 -23"><span class='ocrx_word' id='word_1_60' title='bbox 944 819 1174 884; x_wconf 71' lang='lat' dir='ltr'><strong>tentiataenoe</strong></span> <span class='ocrx_word' id='word_1_61' title='bbox 1209 824 1250 889; x_wconf 83' lang='lat' dir='ltr'><strong>V.</strong></span> <span class='ocrx_word' id='word_1_62' title='bbox 1280 823 1317 886; x_wconf 82' lang='lat' dir='ltr'><strong>C.</strong></span> <span class='ocrx_word' id='word_1_63' title='bbox 1338 824 1412 904; x_wconf 71' lang='lat'><strong>734.</strong></span> <span class='ocrx_word' id='word_1_64' title='bbox 1443 843 1538 896; x_wconf 84' lang='lat' dir='ltr'><strong>aerae</strong></span> <span class='ocrx_word' id='word_1_65' title='bbox 1570 827 1689 906; x_wconf 85' lang='lat' dir='ltr'><strong>priuci-</strong></span> 
     </span>
     <span class='ocr_line' id='line_1_13' title="bbox 944 921 1689 1006; baseline 0.012 -24"><span class='ocrx_word' id='word_1_66' title='bbox 944 922 1050 1006; x_wconf 86' lang='lat' dir='ltr'><strong>pium,</strong></span> <span class='ocrx_word' id='word_1_67' title='bbox 1081 921 1243 991; x_wconf 82' lang='lat' dir='ltr'><strong>auladucto</strong></span> <span class='ocrx_word' id='word_1_68' title='bbox 1267 925 1395 996; x_wconf 82' lang='lat' dir='ltr'><strong>calculo</strong></span> <span class='ocrx_word' id='word_1_69' title='bbox 1420 947 1520 988; x_wconf 86' lang='lat' dir='ltr'><strong>annua</strong></span> <span class='ocrx_word' id='word_1_70' title='bbox 1546 927 1689 998; x_wconf 75' lang='lat' dir='ltr'><strong>Anazar-</strong></span> 
     </span>
     <span class='ocr_line' id='line_1_14' title="bbox 944 1015 1687 1122; baseline 0.011 -36"><span class='ocrx_word' id='word_1_71' title='bbox 944 1023 1093 1122; x_wconf 74' lang='lat' dir='ltr'><strong>bepainm</strong></span> <span class='ocrx_word' id='word_1_72' title='bbox 1120 1015 1171 1090; x_wconf 75' lang='lat'><strong>88.</strong></span> <span class='ocrx_word' id='word_1_73' title='bbox 1188 1025 1327 1108; x_wconf 88' lang='lat' dir='ltr'><strong>incipiet</strong></span> <span class='ocrx_word' id='word_1_74' title='bbox 1349 1028 1382 1088; x_wconf 88' lang='lat' dir='ltr'><strong>ia</strong></span> <span class='ocrx_word' id='word_1_75' title='bbox 1409 1041 1562 1094; x_wconf 83' lang='lat' dir='ltr'><strong>autumno</strong></span> <span class='ocrx_word' id='word_1_76' title='bbox 1587 1029 1628 1096; x_wconf 64' lang='lat' dir='ltr'><strong>V..</strong></span> <span class='ocrx_word' id='word_1_77' title='bbox 1649 1030 1687 1094; x_wconf 84' lang='lat' dir='ltr'><strong>C.</strong></span> 
     </span>
     <span class='ocr_line' id='line_1_15' title="bbox 945 1123 1754 1211; baseline 0.002 -23"><span class='ocrx_word' id='word_1_78' title='bbox 945 1125 1019 1190; x_wconf 76' lang='lat' dir='ltr'><strong>dar.</strong></span> <span class='ocrx_word' id='word_1_79' title='bbox 1051 1127 1283 1210; x_wconf 68' lang='lat' dir='ltr'><strong>Athroiem</strong></span> <span class='ocrx_word' id='word_1_80' title='bbox 1302 1149 1415 1200; x_wconf 85' lang='lat' dir='ltr'><strong>mense</strong></span> <span class='ocrx_word' id='word_1_81' title='bbox 1431 1131 1522 1194; x_wconf 88' lang='lat' dir='ltr'><strong>lunio</strong></span> <span class='ocrx_word' id='word_1_82' title='bbox 1539 1127 1686 1211; x_wconf 81' lang='lat' dir='ltr'><strong>ejusdem</strong></span> <span class='ocrx_word' id='word_1_83' title='bbox 1750 1123 1754 1138; x_wconf 91' lang='lat'>&#39;</span> 
     </span>
     <span class='ocr_line' id='line_1_16' title="bbox 946 1227 1686 1296; baseline 0.005 -6"><span class='ocrx_word' id='word_1_84' title='bbox 946 1227 1021 1292; x_wconf 88' lang='lat' dir='ltr'><strong>anui</strong></span> <span class='ocrx_word' id='word_1_85' title='bbox 1041 1228 1200 1294; x_wconf 81' lang='lat' dir='ltr'><strong>violentae</strong></span> <span class='ocrx_word' id='word_1_86' title='bbox 1216 1230 1403 1296; x_wconf 77' lang='lat' dir='ltr'><strong>albimanus</strong></span> <span class='ocrx_word' id='word_1_87' title='bbox 1423 1231 1542 1294; x_wconf 88' lang='lat' dir='ltr'><strong>intulit.</strong></span> <span class='ocrx_word' id='word_1_88' title='bbox 1580 1231 1686 1294; x_wconf 87' lang='lat' dir='ltr'><strong>Multo</strong></span> 
     </span>
     <span class='ocr_line' id='line_1_17' title="bbox 945 1329 1687 1416; baseline 0.007 -27"><span class='ocrx_word' id='word_1_89' title='bbox 945 1329 1068 1406; x_wconf 75' lang='lat' dir='ltr'><strong>minue,</strong></span> <span class='ocrx_word' id='word_1_90' title='bbox 1086 1344 1121 1392; x_wconf 88' lang='lat' dir='ltr'><strong>ut</strong></span> <span class='ocrx_word' id='word_1_91' title='bbox 1137 1343 1241 1412; x_wconf 89' lang='lat' dir='ltr'><strong>petet,</strong></span> <span class='ocrx_word' id='word_1_92' title='bbox 1255 1353 1345 1396; x_wconf 81' lang='lat' dir='ltr'><strong>enno</strong></span> <span class='ocrx_word' id='word_1_93' title='bbox 1363 1331 1513 1416; x_wconf 81' lang='lat' dir='ltr'><strong>sequenti</strong></span> <span class='ocrx_word' id='word_1_94' title='bbox 1528 1333 1602 1413; x_wconf 77' lang='lat'><strong>735.</strong></span> <span class='ocrx_word' id='word_1_95' title='bbox 1615 1333 1687 1413; x_wconf 84' lang='lat' dir='ltr'><strong>ejua</strong></span> 
     </span>
     <span class='ocr_line' id='line_1_18' title="bbox 944 1429 1686 1514; baseline 0.009 -27"><span class='ocrx_word' id='word_1_96' title='bbox 944 1429 1070 1492; x_wconf 89' lang='lat' dir='ltr'><strong>initium</strong></span> <span class='ocrx_word' id='word_1_97' title='bbox 1084 1431 1205 1514; x_wconf 86' lang='lat' dir='ltr'><strong>poterit</strong></span> <span class='ocrx_word' id='word_1_98' title='bbox 1218 1433 1467 1498; x_wconf 82' lang='lat' dir='ltr'><strong>accommodari.</strong></span> <span class='ocrx_word' id='word_1_99' title='bbox 1490 1433 1579 1494; x_wconf 85' lang='lat' dir='ltr'><strong>Nihil</strong></span> <span class='ocrx_word' id='word_1_100' title='bbox 1598 1435 1686 1496; x_wconf 91' lang='lat' dir='ltr'><strong>aliud</strong></span> 
     </span>
     <span class='ocr_line' id='line_1_19' title="bbox 942 1517 1684 1616; baseline 0.009 -25"><span class='ocrx_word' id='word_1_101' title='bbox 942 1542 1031 1608; x_wconf 88' lang='lat' dir='ltr'><strong>tam,</strong></span> <span class='ocrx_word' id='word_1_102' title='bbox 1052 1553 1124 1596; x_wconf 90' lang='lat' dir='ltr'><strong>cum</strong></span> <span class='ocrx_word' id='word_1_103' title='bbox 1142 1543 1274 1596; x_wconf 87' lang='lat' dir='ltr'><strong>nu&#39;mum</strong></span> <span class='ocrx_word' id='word_1_104' title='bbox 1295 1537 1445 1610; x_wconf 86' lang='lat' dir='ltr'><strong>ederem,</strong></span> <span class='ocrx_word' id='word_1_105' title='bbox 1467 1534 1596 1616; x_wconf 87' lang='lat' dir='ltr'><strong>reperi,</strong></span> <span class='ocrx_word' id='word_1_106' title='bbox 1619 1517 1684 1616; x_wconf 83' lang='lat' dir='ltr'><strong>quo</strong></span> 
     </span>
    </p>
   </div>
   <div class='ocr_carea' id='block_1_4' title="bbox 88 1631 1750 3246">
    <p class='ocr_par' dir='ltr' id='par_1_4' title="bbox 88 1631 1750 3246">
     <span class='ocr_line' id='line_1_20' title="bbox 136 1631 1685 1720; baseline -0.002 -21"><span class='ocrx_word' id='word_1_107' title='bbox 136 1637 210 1712; x_wconf 82' lang='lat' dir='ltr'><strong>lae,</strong></span> <span class='ocrx_word' id='word_1_108' title='bbox 231 1653 332 1720; x_wconf 86' lang='lat' dir='ltr'><strong>quem</strong></span> <span class='ocrx_word' id='word_1_109' title='bbox 348 1633 523 1716; x_wconf 76' lang='lat' dir='ltr'>proposui,</span> <span class='ocrx_word' id='word_1_110' title='bbox 541 1631 720 1715; x_wconf 88' lang='lat' dir='ltr'><strong>legendum</strong></span> <span class='ocrx_word' id='word_1_111' title='bbox 735 1633 802 1698; x_wconf 88' lang='lat' dir='ltr'><strong>vidi</strong></span> <span class='ocrx_word' id='word_1_112' title='bbox 813 1632 882 1696; x_wconf 84' lang='grc' dir='ltr'><strong>ΕΤ.</strong></span> <span class='ocrx_word' id='word_1_113' title='bbox 942 1631 1166 1698; x_wconf 83' lang='lat' dir='ltr'><strong>difficultatem</strong></span> <span class='ocrx_word' id='word_1_114' title='bbox 1189 1636 1350 1712; x_wconf 82' lang='lat' dir='ltr'><strong>levarem,</strong></span> <span class='ocrx_word' id='word_1_115' title='bbox 1383 1657 1477 1720; x_wconf 89' lang='lat' dir='ltr'><strong>quam</strong></span> <span class='ocrx_word' id='word_1_116' title='bbox 1503 1635 1685 1712; x_wconf 86' lang='lat' dir='ltr'><strong>statuendo,</strong></span> 
     </span>
     <span class='ocr_line' id='line_1_21' title="bbox 136 1725 1686 1816; baseline -0.001 -19"><span class='ocrx_word' id='word_1_117' title='bbox 136 1731 289 1799; x_wconf 76' lang='lat' dir='ltr'><strong>lGPOT.</strong></span> <span class='ocrx_word' id='word_1_118' title='bbox 326 1731 477 1796; x_wconf 81' lang='grc' dir='ltr'><strong>ΟΛΤΜ.</strong></span> <span class='ocrx_word' id='word_1_119' title='bbox 517 1731 616 1798; x_wconf 81' lang='grc' dir='ltr'>ΘΖΟ,</span> <span class='ocrx_word' id='word_1_120' title='bbox 664 1757 751 1799; x_wconf 81' lang='lat' dir='ltr'><strong>anno</strong></span> <span class='ocrx_word' id='word_1_121' title='bbox 788 1757 882 1799; x_wconf 84' lang='lat' dir='ltr'><strong>sacre</strong></span> <span class='ocrx_word' id='word_1_122' title='bbox 942 1733 1106 1816; x_wconf 86' lang='lat' dir='ltr'><strong>duplicem</strong></span> <span class='ocrx_word' id='word_1_123' title='bbox 1131 1756 1238 1799; x_wconf 88' lang='lat' dir='ltr'><strong>aeram</strong></span> <span class='ocrx_word' id='word_1_124' title='bbox 1263 1736 1363 1798; x_wconf 81' lang='lat' dir='ltr'><strong>fuisse</strong></span> <span class='ocrx_word' id='word_1_125' title='bbox 1381 1725 1603 1800; x_wconf 82' lang='lat' dir='ltr'><strong>Anazarbenis</strong></span> <span class='ocrx_word' id='word_1_126' title='bbox 1621 1738 1686 1798; x_wconf 87' lang='lat' dir='ltr'><strong>usi·</strong></span> 
     </span>
     <span class='ocr_line' id='line_1_22' title="bbox 142 1837 1684 1932; baseline 0.001 -31"><span class='ocrx_word' id='word_1_127' title='bbox 142 1839 395 1932; x_wconf 58' lang='lat' dir='ltr'><strong>Olympioebq.</strong></span> <span class='ocrx_word' id='word_1_128' title='bbox 425 1837 572 1899; x_wconf 84' lang='lat' dir='ltr'><strong>Eandem</strong></span> <span class='ocrx_word' id='word_1_129' title='bbox 597 1849 680 1900; x_wconf 82' lang='lat' dir='ltr'><strong>vero</strong></span> <span class='ocrx_word' id='word_1_130' title='bbox 700 1837 797 1900; x_wconf 81' lang='lat' dir='ltr'><strong>etiam</strong></span> <span class='ocrx_word' id='word_1_131' title='bbox 816 1839 883 1922; x_wconf 71' lang='lat' dir='ltr'><strong>api·</strong></span> <span class='ocrx_word' id='word_1_132' title='bbox 938 1848 1053 1912; x_wconf 84' lang='lat' dir='ltr'><strong>tatem,</strong></span> <span class='ocrx_word' id='word_1_133' title='bbox 1081 1837 1171 1919; x_wconf 86' lang='lat' dir='ltr'><strong>cujus</strong></span> <span class='ocrx_word' id='word_1_134' title='bbox 1194 1837 1345 1920; x_wconf 88' lang='lat' dir='ltr'><strong>exempla</strong></span> <span class='ocrx_word' id='word_1_135' title='bbox 1370 1837 1529 1920; x_wconf 77' lang='lat' dir='ltr'><strong>praebent</strong></span> <span class='ocrx_word' id='word_1_136' title='bbox 1551 1839 1684 1922; x_wconf 82' lang='lat' dir='ltr'><strong>Sinope,</strong></span> 
     </span>
     <span class='ocr_line' id='line_1_23' title="bbox 135 1935 1685 2023; baseline 0.001 -23"><span class='ocrx_word' id='word_1_137' title='bbox 135 1938 287 2023; x_wconf 81' lang='lat' dir='ltr'><strong>graphan</strong></span> <span class='ocrx_word' id='word_1_138' title='bbox 309 1935 409 2000; x_wconf 78' lang='lat' dir='ltr'><strong>effert</strong></span> <span class='ocrx_word' id='word_1_139' title='bbox 429 1936 577 2001; x_wconf 78' lang='lat' dir='ltr'><strong>laudatus</strong></span> <span class='ocrx_word' id='word_1_140' title='bbox 594 1959 710 2001; x_wconf 83' lang='lat' dir='ltr'><strong>numer</strong></span> <span class='ocrx_word' id='word_1_141' title='bbox 730 1940 883 2022; x_wconf 80' lang='lat' dir='ltr'><strong>Theupo-</strong></span> <span class='ocrx_word' id='word_1_142' title='bbox 941 1939 1114 2002; x_wconf 84' lang='lat' dir='ltr'><strong>Antiochia</strong></span> <span class='ocrx_word' id='word_1_143' title='bbox 1144 1951 1206 2002; x_wconf 89' lang='lat' dir='ltr'><strong>etc.</strong></span> <span class='ocrx_word' id='word_1_144' title='bbox 1229 1939 1388 2022; x_wconf 87' lang='lat' dir='ltr'><strong>aliamque</strong></span> <span class='ocrx_word' id='word_1_145' title='bbox 1412 1939 1551 2004; x_wconf 77' lang='lat' dir='ltr'><strong>valuisse</strong></span> <span class='ocrx_word' id='word_1_146' title='bbox 1582 1941 1685 2001; x_wconf 89' lang='lat' dir='ltr'><strong>Nero·</strong></span> 
     </span>
     <span class='ocr_line' id='line_1_24' title="bbox 132 2039 1685 2135; baseline 0.001 -35"><span class='ocrx_word' id='word_1_147' title='bbox 132 2041 264 2117; x_wconf 84' lang='lat' dir='ltr'><strong>liauua,</strong></span> <span class='ocrx_word' id='word_1_148' title='bbox 288 2039 597 2121; x_wconf 81' lang='lat' dir='ltr'><strong>etaipartimfalae,</strong></span> <span class='ocrx_word' id='word_1_149' title='bbox 627 2042 744 2124; x_wconf 87' lang='lat' dir='ltr'><strong>partim</strong></span> <span class='ocrx_word' id='word_1_150' title='bbox 768 2041 882 2104; x_wconf 84' lang='lat' dir='ltr'><strong>timide</strong></span> <span class='ocrx_word' id='word_1_151' title='bbox 940 2039 991 2100; x_wconf 87' lang='lat' dir='ltr'><strong>nia</strong></span> <span class='ocrx_word' id='word_1_152' title='bbox 1029 2052 1150 2115; x_wconf 88' lang='lat' dir='ltr'><strong>aetate,</strong></span> <span class='ocrx_word' id='word_1_153' title='bbox 1187 2039 1281 2102; x_wconf 88' lang='lat' dir='ltr'><strong>aliam</strong></span> <span class='ocrx_word' id='word_1_154' title='bbox 1311 2041 1478 2122; x_wconf 78' lang='lat' dir='ltr'><strong>deinceps.</strong></span> <span class='ocrx_word' id='word_1_155' title='bbox 1523 2039 1622 2135; x_wconf 80' lang='lat' dir='ltr'><strong>Quod</strong></span> <span class='ocrx_word' id='word_1_156' title='bbox 1658 2043 1685 2103; x_wconf 87' lang='lat' dir='ltr'><strong>si</strong></span> 
     </span>
     <span class='ocr_line' id='line_1_25' title="bbox 132 2138 1685 2226; baseline -0.001 -22"><span class='ocrx_word' id='word_1_157' title='bbox 132 2141 179 2204; x_wconf 83' lang='lat' dir='ltr'><strong>ab</strong></span> <span class='ocrx_word' id='word_1_158' title='bbox 210 2141 307 2206; x_wconf 79' lang='lat' dir='ltr'><strong>anxio</strong></span> <span class='ocrx_word' id='word_1_159' title='bbox 335 2141 412 2223; x_wconf 85' lang='lat' dir='ltr'><strong>ejue</strong></span> <span class='ocrx_word' id='word_1_160' title='bbox 435 2163 598 2225; x_wconf 88' lang='lat' dir='ltr'><strong>praecone</strong></span> <span class='ocrx_word' id='word_1_161' title='bbox 628 2143 882 2226; x_wconf 65' lang='lat' dir='ltr'><strong>promulgatam</strong></span> <span class='ocrx_word' id='word_1_162' title='bbox 941 2140 1160 2216; x_wconf 77' lang='lat' dir='ltr'><strong>admittemur,</strong></span> <span class='ocrx_word' id='word_1_163' title='bbox 1188 2141 1331 2223; x_wconf 81' lang='lat' dir='ltr'><strong>viguisse</strong></span> <span class='ocrx_word' id='word_1_164' title='bbox 1353 2155 1421 2203; x_wconf 90' lang='lat' dir='ltr'><strong>tum</strong></span> <span class='ocrx_word' id='word_1_165' title='bbox 1444 2138 1530 2224; x_wconf 89' lang='lat' dir='ltr'><strong>apud</strong></span> <span class='ocrx_word' id='word_1_166' title='bbox 1553 2159 1610 2202; x_wconf 83' lang='lat' dir='ltr'><strong>eoa</strong></span> <span class='ocrx_word' id='word_1_167' title='bbox 1632 2161 1685 2204; x_wconf 89' lang='lat' dir='ltr'><strong>ae·</strong></span> 
     </span>
     <span class='ocr_line' id='line_1_26' title="bbox 134 2239 1683 2328; baseline 0 -24"><span class='ocrx_word' id='word_1_168' title='bbox 134 2265 216 2307; x_wconf 85' lang='lat' dir='ltr'><strong>nam</strong></span> <span class='ocrx_word' id='word_1_169' title='bbox 227 2243 310 2328; x_wconf 89' lang='lat' dir='ltr'><strong>legit</strong></span> <span class='ocrx_word' id='word_1_170' title='bbox 324 2239 563 2324; x_wconf 59' lang='lat' dir='ltr'><strong>eleepot.</strong></span> <span class='ocrx_word' id='word_1_171' title='bbox 578 2266 640 2328; x_wconf 89' lang='lat' dir='ltr'><strong>pro</strong></span> <span class='ocrx_word' id='word_1_172' title='bbox 654 2240 882 2308; x_wconf 55' lang='lat' dir='ltr'><strong>erut-:1²01</strong></span> <span class='ocrx_word' id='word_1_173' title='bbox 941 2264 1009 2304; x_wconf 83' lang='lat' dir='ltr'><strong>ram</strong></span> <span class='ocrx_word' id='word_1_174' title='bbox 1020 2243 1185 2304; x_wconf 78' lang='lat' dir='ltr'><strong>Actiacam</strong></span> <span class='ocrx_word' id='word_1_175' title='bbox 1197 2241 1324 2304; x_wconf 89' lang='lat' dir='ltr'><strong>ductam</strong></span> <span class='ocrx_word' id='word_1_176' title='bbox 1338 2241 1377 2303; x_wconf 89' lang='lat' dir='ltr'><strong>ab</strong></span> <span class='ocrx_word' id='word_1_177' title='bbox 1392 2261 1476 2304; x_wconf 88' lang='lat' dir='ltr'><strong>anno</strong></span> <span class='ocrx_word' id='word_1_178' title='bbox 1492 2243 1531 2307; x_wconf 88' lang='lat' dir='ltr'><strong>V.</strong></span> <span class='ocrx_word' id='word_1_179' title='bbox 1544 2242 1580 2302; x_wconf 89' lang='lat' dir='ltr'><strong>C.</strong></span> <span class='ocrx_word' id='word_1_180' title='bbox 1592 2243 1683 2322; x_wconf 62' lang='lat'><strong>723„</strong></span> 
     </span>
     <span class='ocr_line' id='line_1_27' title="bbox 138 2343 1684 2436; baseline 0 -30"><span class='ocrx_word' id='word_1_181' title='bbox 138 2344 240 2436; x_wconf 86' lang='lat' dir='ltr'><strong>Quod</strong></span> <span class='ocrx_word' id='word_1_182' title='bbox 253 2345 400 2431; x_wconf 86' lang='lat' dir='ltr'><strong>aequiter</strong></span> <span class='ocrx_word' id='word_1_183' title='bbox 416 2359 566 2430; x_wconf 88' lang='lat' dir='ltr'><strong>tauquam</strong></span> <span class='ocrx_word' id='word_1_184' title='bbox 589 2346 777 2422; x_wconf 70' lang='lat' dir='ltr'><strong>evanidam,</strong></span> <span class='ocrx_word' id='word_1_185' title='bbox 802 2345 880 2428; x_wconf 83' lang='lat' dir='ltr'><strong>puri·</strong></span> <span class='ocrx_word' id='word_1_186' title='bbox 940 2365 1056 2406; x_wconf 84' lang='lat' dir='ltr'><strong>numne</strong></span> <span class='ocrx_word' id='word_1_187' title='bbox 1072 2345 1126 2406; x_wconf 88' lang='lat' dir='ltr'><strong>bic</strong></span> <span class='ocrx_word' id='word_1_188' title='bbox 1142 2343 1282 2406; x_wconf 83' lang='lat' dir='ltr'><strong>Neronia</strong></span> <span class='ocrx_word' id='word_1_189' title='bbox 1298 2357 1392 2412; x_wconf 78' lang='lat' dir='ltr'><strong>cuent</strong></span> <span class='ocrx_word' id='word_1_190' title='bbox 1409 2358 1459 2406; x_wconf 84' lang='lat' dir='ltr'><strong>eat</strong></span> <span class='ocrx_word' id='word_1_191' title='bbox 1475 2343 1514 2406; x_wconf 87' lang='lat' dir='ltr'><strong>ab</strong></span> <span class='ocrx_word' id='word_1_192' title='bbox 1531 2356 1684 2406; x_wconf 89' lang='lat' dir='ltr'><strong>autumno</strong></span> 
     </span>
     <span class='ocr_line' id='line_1_28' title="bbox 137 2441 1683 2532; baseline -0.003 -22"><span class='ocrx_word' id='word_1_193' title='bbox 137 2449 430 2532; x_wconf 83' lang='lat' dir='ltr'><strong>ctianotat,exquo</strong></span> <span class='ocrx_word' id='word_1_194' title='bbox 442 2441 881 2511; x_wconf 79' lang='lat' dir='ltr'><strong>conficitliteraaOATlllI.</strong></span> <span class='ocrx_word' id='word_1_195' title='bbox 940 2447 1016 2508; x_wconf 88' lang='lat' dir='ltr'><strong>anui</strong></span> <span class='ocrx_word' id='word_1_196' title='bbox 1031 2449 1103 2508; x_wconf 82' lang='lat' dir='ltr'><strong>liro.</strong></span> <span class='ocrx_word' id='word_1_197' title='bbox 1127 2447 1174 2508; x_wconf 91' lang='lat' dir='ltr'><strong>Ita</strong></span> <span class='ocrx_word' id='word_1_198' title='bbox 1192 2445 1344 2528; x_wconf 87' lang='lat' dir='ltr'><strong>equidem</strong></span> <span class='ocrx_word' id='word_1_199' title='bbox 1361 2444 1576 2508; x_wconf 86' lang='lat' dir='ltr'><strong>ratiocinaber</strong></span> <span class='ocrx_word' id='word_1_200' title='bbox 1594 2445 1683 2522; x_wconf 90' lang='lat' dir='ltr'><strong>olim,</strong></span> 
     </span>
     <span class='ocr_line' id='line_1_29' title="bbox 88 2539 1684 2636; baseline 0.003 -26"><span class='ocrx_word' id='word_1_201' title='bbox 88 2586 93 2594; x_wconf 93' lang='lat'>·</span> <span class='ocrx_word' id='word_1_202' title='bbox 138 2571 260 2636; x_wconf 85' lang='lat' dir='ltr'><strong>nempe</strong></span> <span class='ocrx_word' id='word_1_203' title='bbox 281 2551 497 2614; x_wconf 86' lang='lat' dir='ltr'><strong>indubitatum</strong></span> <span class='ocrx_word' id='word_1_204' title='bbox 528 2545 718 2612; x_wconf 86' lang='grc' dir='ltr'><strong>ΟΛΤΜΠ.</strong></span> <span class='ocrx_word' id='word_1_205' title='bbox 761 2539 884 2610; x_wconf 79' lang='lat' dir='ltr'><strong>indicat</strong></span> <span class='ocrx_word' id='word_1_206' title='bbox 940 2547 1000 2611; x_wconf 84' lang='lat' dir='ltr'><strong>aed</strong></span> <span class='ocrx_word' id='word_1_207' title='bbox 1030 2546 1117 2610; x_wconf 86' lang='lat' dir='ltr'><strong>eliud</strong></span> <span class='ocrx_word' id='word_1_208' title='bbox 1144 2547 1268 2624; x_wconf 73' lang='lat' dir='ltr'><strong>vitum,</strong></span> <span class='ocrx_word' id='word_1_209' title='bbox 1312 2567 1385 2610; x_wconf 88' lang='lat' dir='ltr'><strong>cum</strong></span> <span class='ocrx_word' id='word_1_210' title='bbox 1416 2548 1520 2613; x_wconf 84' lang='lat' dir='ltr'><strong>seriue</strong></span> <span class='ocrx_word' id='word_1_211' title='bbox 1550 2566 1684 2614; x_wconf 81' lang='lat' dir='ltr'><strong>numum</strong></span> 
     </span>
     <span class='ocr_line' id='line_1_30' title="bbox 139 2647 1684 2738; baseline -0.005 -21"><span class='ocrx_word' id='word_1_212' title='bbox 139 2675 224 2737; x_wconf 84' lang='lat' dir='ltr'><strong>ergo</strong></span> <span class='ocrx_word' id='word_1_213' title='bbox 244 2653 423 2738; x_wconf 84' lang='lat' dir='ltr'><strong>epigraphe</strong></span> <span class='ocrx_word' id='word_1_214' title='bbox 442 2671 560 2716; x_wconf 85' lang='lat' dir='ltr'><strong>annum</strong></span> <span class='ocrx_word' id='word_1_215' title='bbox 583 2671 644 2736; x_wconf 90' lang='lat' dir='ltr'><strong>per</strong></span> <span class='ocrx_word' id='word_1_216' title='bbox 659 2649 755 2714; x_wconf 86' lang='lat' dir='ltr'><strong>ludoa</strong></span> <span class='ocrx_word' id='word_1_217' title='bbox 772 2648 884 2732; x_wconf 81' lang='lat' dir='ltr'><strong>Olym·</strong></span> <span class='ocrx_word' id='word_1_218' title='bbox 937 2651 1105 2734; x_wconf 79' lang='lat' dir='ltr'><strong>¹Augustae</strong></span> <span class='ocrx_word' id='word_1_219' title='bbox 1136 2649 1270 2712; x_wconf 82' lang='lat' dir='ltr'><strong>Ciliciae</strong></span> <span class='ocrx_word' id='word_1_220' title='bbox 1300 2647 1520 2713; x_wconf 90' lang='lat' dir='ltr'><strong>aPellerinio</strong></span> <span class='ocrx_word' id='word_1_221' title='bbox 1559 2647 1684 2732; x_wconf 76' lang='lat' dir='ltr'><strong>editum</strong></span> 
     </span>
     <span class='ocr_line' id='line_1_31' title="bbox 139 2751 1721 2838; baseline -0.001 -24"><span class='ocrx_word' id='word_1_222' title='bbox 139 2756 230 2837; x_wconf 87' lang='lat' dir='ltr'><strong>pice,</strong></span> <span class='ocrx_word' id='word_1_223' title='bbox 260 2753 320 2838; x_wconf 84' lang='lat' dir='ltr'><strong>qui</strong></span> <span class='ocrx_word' id='word_1_224' title='bbox 334 2753 513 2820; x_wconf 77' lang='lat' dir='ltr'><strong>Auarzarbi</strong></span> <span class='ocrx_word' id='word_1_225' title='bbox 528 2753 722 2838; x_wconf 87' lang='lat' dir='ltr'><strong>agebantur,</strong></span> <span class='ocrx_word' id='word_1_226' title='bbox 744 2772 899 2816; x_wconf 45' lang='lat' dir='ltr'><strong>eaerum*</strong></span> <span class='ocrx_word' id='word_1_227' title='bbox 936 2751 1194 2835; x_wconf 86' lang='lat' dir='ltr'><strong>expenderem..</strong></span> <span class='ocrx_word' id='word_1_228' title='bbox 1216 2752 1277 2812; x_wconf 84' lang='lat' dir='ltr'><strong>Eat</strong></span> <span class='ocrx_word' id='word_1_229' title='bbox 1310 2751 1339 2814; x_wconf 89' lang='lat' dir='ltr'><strong>ia</strong></span> <span class='ocrx_word' id='word_1_230' title='bbox 1369 2751 1510 2814; x_wconf 86' lang='lat' dir='ltr'><strong>Neronia</strong></span> <span class='ocrx_word' id='word_1_231' title='bbox 1543 2769 1684 2834; x_wconf 89' lang='lat' dir='ltr'><strong>quoque,</strong></span> <span class='ocrx_word' id='word_1_232' title='bbox 1718 2775 1721 2782; x_wconf 56' lang='lat'><em>⁴</em></span> 
     </span>
     <span class='ocr_line' id='line_1_32' title="bbox 137 2838 1750 2941; baseline -0.005 -25"><span class='ocrx_word' id='word_1_233' title='bbox 137 2858 207 2918; x_wconf 87' lang='lat' dir='ltr'><strong>lam</strong></span> <span class='ocrx_word' id='word_1_234' title='bbox 233 2876 315 2918; x_wconf 87' lang='lat' dir='ltr'><strong>vero</strong></span> <span class='ocrx_word' id='word_1_235' title='bbox 350 2877 422 2919; x_wconf 88' lang='lat' dir='ltr'><strong>curu</strong></span> <span class='ocrx_word' id='word_1_236' title='bbox 447 2855 516 2916; x_wconf 89' lang='lat' dir='ltr'><strong>ludi</strong></span> <span class='ocrx_word' id='word_1_237' title='bbox 546 2855 692 2938; x_wconf 86' lang='lat' dir='ltr'><strong>Olympii</strong></span> <span class='ocrx_word' id='word_1_238' title='bbox 728 2855 824 2916; x_wconf 88' lang='lat' dir='ltr'><strong>etiam</strong></span> <span class='ocrx_word' id='word_1_239' title='bbox 847 2854 884 2916; x_wconf 89' lang='lat' dir='ltr'><strong>in</strong></span> <span class='ocrx_word' id='word_1_240' title='bbox 936 2866 974 2915; x_wconf 86' lang='lat' dir='ltr'><strong>et</strong></span> <span class='ocrx_word' id='word_1_241' title='bbox 993 2838 1169 2935; x_wconf 48' lang='lat' dir='ltr'><strong>xin&#39;eeriptoa</strong></span> <span class='ocrx_word' id='word_1_242' title='bbox 1198 2851 1232 2914; x_wconf 92' lang='lat' dir='ltr'><strong>in</strong></span> <span class='ocrx_word' id='word_1_243' title='bbox 1256 2873 1386 2941; x_wconf 77' lang='lat' dir='ltr'><strong>aversa:</strong></span> <span class='ocrx_word' id='word_1_244' title='bbox 1421 2846 1686 2914; x_wconf 81' lang='lat' dir='ltr'><strong>ATFOTCTA·</strong></span> <span class='ocrx_word' id='word_1_245' title='bbox 1747 2897 1750 2908; x_wconf 90' lang='lat'><strong>.</strong></span> 
     </span>
     <span class='ocr_line' id='line_1_33' title="bbox 137 2947 1686 3041; baseline -0.001 -21"><span class='ocrx_word' id='word_1_246' title='bbox 137 2958 212 3020; x_wconf 83' lang='lat' dir='ltr'><strong>aliia</strong></span> <span class='ocrx_word' id='word_1_247' title='bbox 239 2956 374 3022; x_wconf 75' lang='lat' dir='ltr'><strong>urbibus</strong></span> <span class='ocrx_word' id='word_1_248' title='bbox 395 2957 548 3041; x_wconf 86' lang='lat' dir='ltr'><strong>exemplo</strong></span> <span class='ocrx_word' id='word_1_249' title='bbox 567 2957 795 3040; x_wconf 84' lang='lat' dir='ltr'><strong>Olympiorum</strong></span> <span class='ocrx_word' id='word_1_250' title='bbox 815 2955 883 3016; x_wconf 93' lang='lat' dir='ltr'><strong>Eli·</strong></span> <span class='ocrx_word' id='word_1_251' title='bbox 940 2949 1055 3017; x_wconf 87' lang='grc' dir='ltr'><strong>ΝΩΝ</strong></span> <span class='ocrx_word' id='word_1_252' title='bbox 1082 2947 1241 3017; x_wconf 81' lang='lat' dir='ltr'><strong>GTOTC.</strong></span> <span class='ocrx_word' id='word_1_253' title='bbox 1270 2949 1357 3017; x_wconf 88' lang='lat' dir='ltr'><strong>HM.</strong></span> <span class='ocrx_word' id='word_1_254' title='bbox 1403 2953 1485 3016; x_wconf 87' lang='lat' dir='ltr'><strong>Cum</strong></span> <span class='ocrx_word' id='word_1_255' title='bbox 1514 2971 1581 3036; x_wconf 88' lang='lat' dir='ltr'><strong>quo</strong></span> <span class='ocrx_word' id='word_1_256' title='bbox 1610 2973 1686 3018; x_wconf 85' lang='lat' dir='ltr'><strong>com</strong></span> 
     </span>
     <span class='ocr_line' id='line_1_34' title="bbox 137 3055 1684 3146; baseline -0.002 -24"><span class='ocrx_word' id='word_1_257' title='bbox 137 3057 885 3146; x_wconf 75' lang='lat' dir='ltr'><strong>dicineuutequoviaquintoennoiuerintce-</strong></span> <span class='ocrx_word' id='word_1_258' title='bbox 936 3075 1073 3116; x_wconf 86' lang='lat' dir='ltr'><strong>numum</strong></span> <span class='ocrx_word' id='word_1_259' title='bbox 1096 3055 1277 3131; x_wconf 71' lang='lat' dir='ltr'><strong>Anazarbi,</strong></span> <span class='ocrx_word' id='word_1_260' title='bbox 1308 3055 1350 3118; x_wconf 89' lang='lat' dir='ltr'><strong>de</strong></span> <span class='ocrx_word' id='word_1_261' title='bbox 1371 3075 1435 3140; x_wconf 89' lang='lat' dir='ltr'><strong>quo</strong></span> <span class='ocrx_word' id='word_1_262' title='bbox 1461 3073 1547 3118; x_wconf 86' lang='lat' dir='ltr'><strong>nuuc</strong></span> <span class='ocrx_word' id='word_1_263' title='bbox 1573 3073 1684 3119; x_wconf 84' lang='lat' dir='ltr'><strong>eermo</strong></span> 
     </span>
     <span class='ocr_line' id='line_1_35' title="bbox 135 3139 1706 3246; baseline -0.004 -22"><span class='ocrx_word' id='word_1_264' title='bbox 135 3163 269 3238; x_wconf 85' lang='lat' dir='ltr'><strong>lebreti‚</strong></span> <span class='ocrx_word' id='word_1_265' title='bbox 286 3182 348 3246; x_wconf 90' lang='lat' dir='ltr'><strong>per</strong></span> <span class='ocrx_word' id='word_1_266' title='bbox 360 3175 463 3224; x_wconf 89' lang='lat' dir='ltr'><strong>totum</strong></span> <span class='ocrx_word' id='word_1_267' title='bbox 479 3161 573 3223; x_wconf 89' lang='lat' dir='ltr'><strong>Decii</strong></span> <span class='ocrx_word' id='word_1_268' title='bbox 589 3161 776 3243; x_wconf 89' lang='lat' dir='ltr'><strong>imperium,</strong></span> <span class='ocrx_word' id='word_1_269' title='bbox 796 3157 884 3243; x_wconf 91' lang='lat' dir='ltr'><strong>quod</strong></span> <span class='ocrx_word' id='word_1_270' title='bbox 942 3149 1008 3227; x_wconf 80' lang='lat' dir='ltr'><strong>es&#39;t,</strong></span> <span class='ocrx_word' id='word_1_271' title='bbox 1037 3157 1291 3235; x_wconf 87' lang='lat' dir='ltr'><strong>contenderem,</strong></span> <span class='ocrx_word' id='word_1_272' title='bbox 1327 3156 1396 3222; x_wconf 82' lang='lat' dir='ltr'><strong>ridi</strong></span> <span class='ocrx_word' id='word_1_273' title='bbox 1422 3170 1596 3240; x_wconf 87' lang='lat' dir='ltr'><strong>utromque</strong></span> <span class='ocrx_word' id='word_1_274' title='bbox 1618 3139 1706 3218; x_wconf 61' lang='lat' dir='ltr'><strong>ncu&#39;</strong></span> 
     </span>
    </p>
   </div>
   <div class='ocr_carea' id='block_1_5' title="bbox 131 3259 886 4368">
    <p class='ocr_par' dir='ltr' id='par_1_5' title="bbox 135 3259 886 3838">
     <span class='ocr_line' id='line_1_36' title="bbox 136 3259 883 3348; baseline -0.012 -20"><span class='ocrx_word' id='word_1_275' title='bbox 136 3286 206 3328; x_wconf 86' lang='lat' dir='ltr'><strong>nou</strong></span> <span class='ocrx_word' id='word_1_276' title='bbox 215 3263 357 3328; x_wconf 87' lang='lat' dir='ltr'><strong>multam</strong></span> <span class='ocrx_word' id='word_1_277' title='bbox 369 3264 453 3328; x_wconf 87' lang='lat' dir='ltr'><strong>ultra</strong></span> <span class='ocrx_word' id='word_1_278' title='bbox 462 3262 634 3324; x_wconf 80' lang='lat' dir='ltr'><strong>biennium·</strong></span> <span class='ocrx_word' id='word_1_279' title='bbox 642 3259 883 3348; x_wconf 80' lang='lat' dir='ltr'><strong>porrigebatur,</strong></span> 
     </span>
     <span class='ocr_line' id='line_1_37' title="bbox 136 3347 884 3448; baseline -0.008 -20"><span class='ocrx_word' id='word_1_280' title='bbox 136 3367 271 3430; x_wconf 69' lang='lat' dir='ltr'><strong>nonuid</strong></span> <span class='ocrx_word' id='word_1_281' title='bbox 283 3347 365 3427; x_wconf 83' lang='lat' dir='ltr'><strong>unns</strong></span> <span class='ocrx_word' id='word_1_282' title='bbox 381 3387 481 3428; x_wconf 82' lang='lat' dir='ltr'><strong>annue</strong></span> <span class='ocrx_word' id='word_1_283' title='bbox 498 3384 570 3427; x_wconf 86' lang='lat' dir='ltr'><strong>eeee</strong></span> <span class='ocrx_word' id='word_1_284' title='bbox 587 3365 702 3448; x_wconf 89' lang='lat' dir='ltr'><strong>potuit,</strong></span> <span class='ocrx_word' id='word_1_285' title='bbox 722 3363 756 3423; x_wconf 91' lang='lat' dir='ltr'><strong>in</strong></span> <span class='ocrx_word' id='word_1_286' title='bbox 769 3382 834 3445; x_wconf 89' lang='lat' dir='ltr'><strong>quo</strong></span> <span class='ocrx_word' id='word_1_287' title='bbox 849 3362 884 3422; x_wconf 91' lang='lat' dir='ltr'><strong>hi</strong></span> 
     </span>
     <span class='ocr_line' id='line_1_38' title="bbox 135 3461 886 3553; baseline -0.007 -23"><span class='ocrx_word' id='word_1_288' title='bbox 135 3469 209 3532; x_wconf 88' lang='lat' dir='ltr'><strong>ludi</strong></span> <span class='ocrx_word' id='word_1_289' title='bbox 225 3481 416 3553; x_wconf 82' lang='lat' dir='ltr'><strong>egerentur.</strong></span> <span class='ocrx_word' id='word_1_290' title='bbox 439 3467 538 3552; x_wconf 77' lang='lat' dir='ltr'><strong>Atqui</strong></span> <span class='ocrx_word' id='word_1_291' title='bbox 557 3487 673 3528; x_wconf 86' lang='lat' dir='ltr'><strong>numae</strong></span> <span class='ocrx_word' id='word_1_292' title='bbox 688 3461 886 3546; x_wconf 86' lang='lat' dir='ltr'><strong>Theopolia-</strong></span> 
     </span>
     <span class='ocr_line' id='line_1_39' title="bbox 135 3569 885 3653; baseline -0.005 -21"><span class='ocrx_word' id='word_1_293' title='bbox 135 3591 210 3644; x_wconf 78' lang='lat' dir='ltr'><strong>uun,</strong></span> <span class='ocrx_word' id='word_1_294' title='bbox 226 3571 377 3653; x_wconf 76' lang='lat' dir='ltr'><strong>alterque</strong></span> <span class='ocrx_word' id='word_1_295' title='bbox 387 3569 584 3632; x_wconf 82' lang='lat' dir='ltr'><strong>Etruscillee</strong></span> <span class='ocrx_word' id='word_1_296' title='bbox 596 3571 653 3631; x_wconf 85' lang='lat' dir='ltr'><strong>eoi</strong></span> <span class='ocrx_word' id='word_1_297' title='bbox 664 3579 885 3630; x_wconf 88' lang='lat' dir='ltr'><strong>actoamemo·</strong></span> 
     </span>
     <span class='ocr_line' id='line_1_40' title="bbox 137 3667 885 3751; baseline -0.013 -13"><span class='ocrx_word' id='word_1_298' title='bbox 137 3686 214 3738; x_wconf 83' lang='lat' dir='ltr'><strong>rant</strong></span> <span class='ocrx_word' id='word_1_299' title='bbox 233 3693 318 3736; x_wconf 89' lang='lat' dir='ltr'><strong>auno</strong></span> <span class='ocrx_word' id='word_1_300' title='bbox 341 3670 503 3733; x_wconf 79' lang='lat' dir='ltr'><strong>Anazarbi</strong></span> <span class='ocrx_word' id='word_1_301' title='bbox 526 3667 631 3748; x_wconf 75' lang='grc' dir='ltr'>ΘΖΟ,</span> <span class='ocrx_word' id='word_1_302' title='bbox 654 3681 787 3751; x_wconf 85' lang='lat' dir='ltr'><strong>ergoet</strong></span> <span class='ocrx_word' id='word_1_303' title='bbox 807 3687 885 3730; x_wconf 87' lang='lat' dir='ltr'><strong>eun-</strong></span> 
     </span>
     <span class='ocr_line' id='line_1_41' title="bbox 135 3767 884 3838; baseline -0.004 -2"><span class='ocrx_word' id='word_1_304' title='bbox 135 3776 215 3838; x_wconf 87' lang='lat' dir='ltr'><strong>dem</strong></span> <span class='ocrx_word' id='word_1_305' title='bbox 230 3773 390 3837; x_wconf 80' lang='lat' dir='ltr'><strong>exhibere</strong></span> <span class='ocrx_word' id='word_1_306' title='bbox 407 3772 506 3836; x_wconf 88' lang='lat' dir='ltr'><strong>debet</strong></span> <span class='ocrx_word' id='word_1_307' title='bbox 519 3793 635 3834; x_wconf 84' lang='lat' dir='ltr'><strong>numus</strong></span> <span class='ocrx_word' id='word_1_308' title='bbox 645 3767 884 3834; x_wconf 78' lang='lat' dir='ltr'><strong>Friiliohianea.</strong></span> 
     </span>
    </p>

    <p class='ocr_par' dir='ltr' id='par_1_6' title="bbox 131 3869 886 4368">
     <span class='ocr_line' id='line_1_42' title="bbox 201 3869 886 3954; baseline -0.009 -14"><span class='ocrx_word' id='word_1_309' title='bbox 201 3877 284 3940; x_wconf 84' lang='lat' dir='ltr'><strong>cam</strong></span> <span class='ocrx_word' id='word_1_310' title='bbox 311 3873 507 3938; x_wconf 83' lang='lat' dir='ltr'><strong>exlaudatis</strong></span> <span class='ocrx_word' id='word_1_311' title='bbox 530 3873 686 3937; x_wconf 70' lang='lat' dir='ltr'><strong>hacteuus</strong></span> <span class='ocrx_word' id='word_1_312' title='bbox 709 3869 816 3954; x_wconf 80' lang='lat' dir='ltr'><strong>nuntie</strong></span> <span class='ocrx_word' id='word_1_313' title='bbox 838 3892 886 3934; x_wconf 79' lang='lat' dir='ltr'><strong>aa·</strong></span> 
     </span>
     <span class='ocr_line' id='line_1_43' title="bbox 134 3973 884 4058; baseline -0.016 -14"><span class='ocrx_word' id='word_1_314' title='bbox 134 3983 177 4044; x_wconf 84' lang='lat' dir='ltr'><strong>tia</strong></span> <span class='ocrx_word' id='word_1_315' title='bbox 201 3992 330 4044; x_wconf 86' lang='lat' dir='ltr'><strong>certum</strong></span> <span class='ocrx_word' id='word_1_316' title='bbox 358 3979 418 4055; x_wconf 85' lang='lat' dir='ltr'><strong>ait,</strong></span> <span class='ocrx_word' id='word_1_317' title='bbox 450 3976 614 4040; x_wconf 79' lang='lat' dir='ltr'><strong>Anazarbi</strong></span> <span class='ocrx_word' id='word_1_318' title='bbox 643 3975 804 4058; x_wconf 76' lang='lat' dir='ltr'><strong>epocham</strong></span> <span class='ocrx_word' id='word_1_319' title='bbox 824 3973 884 4033; x_wconf 89' lang='lat' dir='ltr'><strong>ini-</strong></span> 
     </span>
     <span class='ocr_line' id='line_1_44' title="bbox 133 4077 883 4157; baseline -0.016 -11"><span class='ocrx_word' id='word_1_320' title='bbox 133 4085 219 4146; x_wconf 87' lang='lat' dir='ltr'><strong>tium</strong></span> <span class='ocrx_word' id='word_1_321' title='bbox 243 4079 366 4144; x_wconf 80' lang='lat' dir='ltr'><strong>ducere</strong></span> <span class='ocrx_word' id='word_1_322' title='bbox 386 4079 425 4142; x_wconf 90' lang='lat' dir='ltr'><strong>ab</strong></span> <span class='ocrx_word' id='word_1_323' title='bbox 451 4079 535 4142; x_wconf 82' lang='lat' dir='ltr'><strong>anuo</strong></span> <span class='ocrx_word' id='word_1_324' title='bbox 552 4079 594 4145; x_wconf 82' lang='lat' dir='ltr'><strong>V.</strong></span> <span class='ocrx_word' id='word_1_325' title='bbox 614 4079 649 4142; x_wconf 87' lang='lat' dir='ltr'><strong>C.</strong></span> <span class='ocrx_word' id='word_1_326' title='bbox 665 4077 748 4157; x_wconf 80' lang='lat'><strong>735,</strong></span> <span class='ocrx_word' id='word_1_327' title='bbox 773 4089 883 4138; x_wconf 89' lang='lat' dir='ltr'><strong>tamen</strong></span> 
     </span>
     <span class='ocr_line' id='line_1_45' title="bbox 133 4179 882 4264; baseline -0.013 -17"><span class='ocrx_word' id='word_1_328' title='bbox 133 4185 216 4247; x_wconf 87' lang='lat' dir='ltr'><strong>huie</strong></span> <span class='ocrx_word' id='word_1_329' title='bbox 240 4181 423 4247; x_wconf 77' lang='lat' dir='ltr'><strong>cententiae</strong></span> <span class='ocrx_word' id='word_1_330' title='bbox 441 4181 545 4264; x_wconf 87' lang='lat' dir='ltr'><strong>palam</strong></span> <span class='ocrx_word' id='word_1_331' title='bbox 566 4179 753 4262; x_wconf 88' lang='lat' dir='ltr'><strong>obloquitur</strong></span> <span class='ocrx_word' id='word_1_332' title='bbox 767 4197 882 4238; x_wconf 85' lang='lat' dir='ltr'><strong>numne</strong></span> 
     </span>
     <span class='ocr_line' id='line_1_46' title="bbox 131 4277 882 4368; baseline -0.012 -18"><span class='ocrx_word' id='word_1_333' title='bbox 131 4287 298 4362; x_wconf 80' lang='lat' dir='ltr'><strong>Neronia,</strong></span> <span class='ocrx_word' id='word_1_334' title='bbox 329 4303 424 4368; x_wconf 84' lang='lat' dir='ltr'><strong>qoem</strong></span> <span class='ocrx_word' id='word_1_335' title='bbox 457 4282 534 4346; x_wconf 90' lang='lat' dir='ltr'><strong>olim</strong></span> <span class='ocrx_word' id='word_1_336' title='bbox 556 4303 598 4343; x_wconf 85' lang='lat' dir='ltr'><strong>ex</strong></span> <span class='ocrx_word' id='word_1_337' title='bbox 629 4299 743 4344; x_wconf 88' lang='lat' dir='ltr'><strong>museo</strong></span> <span class='ocrx_word' id='word_1_338' title='bbox 771 4281 818 4343; x_wconf 79' lang='lat' dir='ltr'><strong>M.</strong></span> <span class='ocrx_word' id='word_1_339' title='bbox 839 4277 882 4341; x_wconf 84' lang='lat' dir='ltr'><strong>D.</strong></span> 
     </span>
    </p>
   </div>
   <div class='ocr_carea' id='block_1_6' title="bbox 134 4381 882 4658">
    <p class='ocr_par' dir='ltr' id='par_1_7' title="bbox 134 4381 882 4658">
     <span class='ocr_line' id='line_1_47' title="bbox 136 4381 615 4468; baseline -0.019 -15"><span class='ocrx_word' id='word_1_340' title='bbox 136 4387 246 4462; x_wconf 79' lang='lat' dir='ltr'><strong>edidi,</strong></span> <span class='ocrx_word' id='word_1_341' title='bbox 269 4381 382 4468; x_wconf 68' lang='lat' dir='ltr'><strong>(Num.</strong></span> <span class='ocrx_word' id='word_1_342' title='bbox 395 4397 463 4450; x_wconf 74' lang='lat' dir='ltr'><strong>tet.</strong></span> <span class='ocrx_word' id='word_1_343' title='bbox 479 4405 510 4468; x_wconf 86' lang='lat' dir='ltr'><strong>p.</strong></span> <span class='ocrx_word' id='word_1_344' title='bbox 525 4381 615 4462; x_wconf 69' lang='lat' dir='ltr'><strong>aab.)</strong></span> 
     </span>
     <span class='ocr_line' id='line_1_48' title="bbox 198 4480 879 4563; baseline -0.009 -13"><span class='ocrx_word' id='word_1_345' title='bbox 198 4480 383 4550; x_wconf 77' lang='lat' dir='ltr'><strong>NePttN.</strong></span> <span class='ocrx_word' id='word_1_346' title='bbox 417 4481 601 4548; x_wconf 79' lang='lat' dir='ltr'><strong>Kn1cttP.</strong></span> <span class='ocrx_word' id='word_1_347' title='bbox 649 4483 757 4563; x_wconf 79' lang='lat' dir='ltr'><strong>Caput</strong></span> <span class='ocrx_word' id='word_1_348' title='bbox 792 4483 879 4544; x_wconf 83' lang='lat' dir='ltr'><strong>leur.</strong></span> 
     </span>
     <span class='ocr_line' id='line_1_49' title="bbox 134 4579 882 4658; baseline -0.008 -7"><span class='ocrx_word' id='word_1_349' title='bbox 134 4583 471 4653; x_wconf 68' lang='grc' dir='ltr'><strong>ΞΚΑΙΕΑΡΕΩΝ.</strong></span> <span class='ocrx_word' id='word_1_350' title='bbox 497 4579 658 4649; x_wconf 76' lang='grc' dir='ltr'><strong>ΕΤΟΤ-Ο.</strong></span> <span class='ocrx_word' id='word_1_351' title='bbox 678 4579 759 4648; x_wconf 86' lang='grc' dir='ltr'><strong>ΗΠ.</strong></span> <span class='ocrx_word' id='word_1_352' title='bbox 803 4579 882 4658; x_wconf 78' lang='lat' dir='ltr'><strong>Mtt-</strong></span> 
     </span>
    </p>
   </div>
   <div class='ocr_carea' id='block_1_7' title="bbox 132 4687 902 4756">
    <p class='ocr_par' dir='ltr' id='par_1_8' title="bbox 132 4687 902 4756">
     <span class='ocr_line' id='line_1_50' title="bbox 132 4687 902 4756; baseline -0.017 0"><span class='ocrx_word' id='word_1_353' title='bbox 132 4695 199 4756; x_wconf 80' lang='lat' dir='ltr'><strong>lier</strong></span> <span class='ocrx_word' id='word_1_354' title='bbox 223 4693 342 4755; x_wconf 82' lang='lat' dir='ltr'><strong>sedens</strong></span> <span class='ocrx_word' id='word_1_355' title='bbox 367 4692 400 4753; x_wconf 81' lang='lat' dir='ltr'><strong>d.</strong></span> <span class='ocrx_word' id='word_1_356' title='bbox 422 4689 589 4752; x_wconf 80' lang='lat' dir='ltr'><strong>calculum</strong></span> <span class='ocrx_word' id='word_1_357' title='bbox 616 4691 654 4750; x_wconf 83' lang='lat' dir='ltr'><strong>iu</strong></span> <span class='ocrx_word' id='word_1_358' title='bbox 680 4687 902 4748; x_wconf 76' lang='lat' dir='ltr'><strong>adstitutum.</strong></span> 
     </span>
    </p>
   </div>
   <div class='ocr_carea' id='block_1_8' title="bbox 133 4786 494 4858">
    <p class='ocr_par' dir='ltr' id='par_1_9' title="bbox 133 4786 494 4858">
     <span class='ocr_line' id='line_1_51' title="bbox 133 4786 494 4858; baseline -0.003 -2"><span class='ocrx_word' id='word_1_359' title='bbox 133 4815 196 4858; x_wconf 83' lang='lat' dir='ltr'><strong>vus</strong></span> <span class='ocrx_word' id='word_1_360' title='bbox 212 4796 331 4857; x_wconf 85' lang='lat' dir='ltr'><strong>mittit.</strong></span> <span class='ocrx_word' id='word_1_361' title='bbox 356 4786 427 4855; x_wconf 78' lang='lat' dir='ltr'><strong>A&#39;E.</strong></span> <span class='ocrx_word' id='word_1_362' title='bbox 438 4791 494 4855; x_wconf 90' lang='lat'><strong>111.</strong></span> 
     </span>
    </p>
   </div>
   <div class='ocr_carea' id='block_1_9' title="bbox 938 3254 1760 4357">
    <p class='ocr_par' dir='ltr' id='par_1_10' title="bbox 938 3254 1760 4357">
     <span class='ocr_line' id='line_1_52' title="bbox 941 3254 1760 3342; baseline 0.002 -24"><span class='ocrx_word' id='word_1_363' title='bbox 941 3258 1040 3320; x_wconf 89' lang='lat' dir='ltr'><strong>modo</strong></span> <span class='ocrx_word' id='word_1_364' title='bbox 1069 3260 1175 3342; x_wconf 90' lang='lat' dir='ltr'><strong>capite</strong></span> <span class='ocrx_word' id='word_1_365' title='bbox 1196 3258 1353 3334; x_wconf 86' lang='lat' dir='ltr'><strong>Neronia,</strong></span> <span class='ocrx_word' id='word_1_366' title='bbox 1386 3254 1446 3320; x_wconf 85' lang='lat' dir='ltr'><strong>aed</strong></span> <span class='ocrx_word' id='word_1_367' title='bbox 1474 3257 1571 3320; x_wconf 87' lang='lat' dir='ltr'><strong>etiam</strong></span> <span class='ocrx_word' id='word_1_368' title='bbox 1592 3278 1685 3320; x_wconf 83' lang='lat' dir='ltr'><strong>arer-</strong></span> <span class='ocrx_word' id='word_1_369' title='bbox 1758 3271 1760 3276; x_wconf 81' lang='grc'>’</span> 
     </span>
     <span class='ocr_line' id='line_1_53' title="bbox 942 3359 1684 3444; baseline 0.003 -23"><span class='ocrx_word' id='word_1_370' title='bbox 942 3379 996 3422; x_wconf 82' lang='lat' dir='ltr'><strong>aee</strong></span> <span class='ocrx_word' id='word_1_371' title='bbox 1011 3359 1190 3444; x_wconf 83' lang='lat' dir='ltr'><strong>epigraphe</strong></span> <span class='ocrx_word' id='word_1_372' title='bbox 1209 3361 1346 3444; x_wconf 84' lang='lat' dir='ltr'><strong>egregie</strong></span> <span class='ocrx_word' id='word_1_373' title='bbox 1369 3360 1558 3423; x_wconf 84' lang='lat' dir='ltr'><strong>convenire.</strong></span> <span class='ocrx_word' id='word_1_374' title='bbox 1602 3361 1684 3423; x_wconf 86' lang='lat' dir='ltr'><strong>Cum</strong></span> 
     </span>
     <span class='ocr_line' id='line_1_54' title="bbox 940 3459 1683 3544; baseline 0.007 -23"><span class='ocrx_word' id='word_1_375' title='bbox 940 3459 1041 3544; x_wconf 86' lang='lat' dir='ltr'><strong>igitur</strong></span> <span class='ocrx_word' id='word_1_376' title='bbox 1055 3463 1257 3544; x_wconf 78' lang='lat' dir='ltr'><strong>suspicarer,</strong></span> <span class='ocrx_word' id='word_1_377' title='bbox 1284 3484 1324 3526; x_wconf 87' lang='lat' dir='ltr'><strong>eu</strong></span> <span class='ocrx_word' id='word_1_378' title='bbox 1349 3481 1416 3522; x_wconf 91' lang='lat' dir='ltr'><strong>non</strong></span> <span class='ocrx_word' id='word_1_379' title='bbox 1441 3459 1476 3520; x_wconf 88' lang='lat' dir='ltr'><strong>in</strong></span> <span class='ocrx_word' id='word_1_380' title='bbox 1492 3462 1597 3525; x_wconf 85' lang='lat' dir='ltr'><strong>altero</strong></span> <span class='ocrx_word' id='word_1_381' title='bbox 1619 3463 1683 3526; x_wconf 87' lang='lat' dir='ltr'><strong>hoe</strong></span> 
     </span>
     <span class='ocr_line' id='line_1_55' title="bbox 940 3559 1684 3648; baseline -0.008 -18"><span class='ocrx_word' id='word_1_382' title='bbox 940 3584 1003 3645; x_wconf 78' lang='lat' dir='ltr'><strong>peu</strong></span> <span class='ocrx_word' id='word_1_383' title='bbox 1014 3559 1095 3626; x_wconf 87' lang='grc' dir='ltr'><strong>ΗΠ.</strong></span> <span class='ocrx_word' id='word_1_384' title='bbox 1108 3563 1176 3648; x_wconf 86' lang='lat' dir='ltr'><strong>legi</strong></span> <span class='ocrx_word' id='word_1_385' title='bbox 1191 3583 1320 3648; x_wconf 88' lang='lat' dir='ltr'><strong>quoque</strong></span> <span class='ocrx_word' id='word_1_386' title='bbox 1337 3559 1569 3641; x_wconf 70' lang='lat' dir='ltr'><strong>canentum,</strong></span> <span class='ocrx_word' id='word_1_387' title='bbox 1588 3563 1684 3644; x_wconf 90' lang='lat' dir='ltr'><strong>coepi</strong></span> 
     </span>
     <span class='ocr_line' id='line_1_56' title="bbox 941 3663 1684 3749; baseline 0.012 -27"><span class='ocrx_word' id='word_1_388' title='bbox 941 3663 976 3725; x_wconf 92' lang='lat' dir='ltr'><strong>in</strong></span> <span class='ocrx_word' id='word_1_389' title='bbox 997 3678 1137 3747; x_wconf 83' lang='lat' dir='ltr'><strong>ectypon</strong></span> <span class='ocrx_word' id='word_1_390' title='bbox 1164 3665 1268 3740; x_wconf 89' lang='lat' dir='ltr'><strong>numi,</strong></span> <span class='ocrx_word' id='word_1_391' title='bbox 1298 3663 1387 3749; x_wconf 90' lang='lat' dir='ltr'><strong>quod</strong></span> <span class='ocrx_word' id='word_1_392' title='bbox 1411 3664 1481 3745; x_wconf 87' lang='lat' dir='ltr'><strong>ipae</strong></span> <span class='ocrx_word' id='word_1_393' title='bbox 1504 3684 1547 3726; x_wconf 84' lang='lat' dir='ltr'><strong>ex</strong></span> <span class='ocrx_word' id='word_1_394' title='bbox 1572 3677 1684 3746; x_wconf 87' lang='lat' dir='ltr'><strong>proto·</strong></span> 
     </span>
     <span class='ocr_line' id='line_1_57' title="bbox 941 3761 1738 3847; baseline 0.006 -21"><span class='ocrx_word' id='word_1_395' title='bbox 941 3778 1019 3847; x_wconf 83' lang='lat' dir='ltr'><strong>typo</strong></span> <span class='ocrx_word' id='word_1_396' title='bbox 1047 3765 1199 3828; x_wconf 81' lang='lat' dir='ltr'><strong>Mediceo</strong></span> <span class='ocrx_word' id='word_1_397' title='bbox 1230 3785 1474 3847; x_wconf 80' lang='lat' dir='ltr'><strong>expresseram,</strong></span> <span class='ocrx_word' id='word_1_398' title='bbox 1511 3777 1547 3826; x_wconf 82' lang='lat' dir='ltr'><strong>et</strong></span> <span class='ocrx_word' id='word_1_399' title='bbox 1575 3761 1681 3830; x_wconf 90' lang='lat' dir='ltr'><strong>adhoc</strong></span> <span class='ocrx_word' id='word_1_400' title='bbox 1733 3832 1738 3841; x_wconf 76' lang='lat'><strong>.</strong></span> 
     </span>
     <span class='ocr_line' id='line_1_58' title="bbox 941 3865 1681 3949; baseline 0.003 -22"><span class='ocrx_word' id='word_1_401' title='bbox 941 3865 1110 3949; x_wconf 79' lang='lat' dir='ltr'><strong>possideo,</strong></span> <span class='ocrx_word' id='word_1_402' title='bbox 1134 3869 1316 3931; x_wconf 84' lang='lat' dir='ltr'><strong>adcuratiua</strong></span> <span class='ocrx_word' id='word_1_403' title='bbox 1338 3865 1526 3948; x_wconf 88' lang='lat' dir='ltr'><strong>inquirere,</strong></span> <span class='ocrx_word' id='word_1_404' title='bbox 1553 3885 1591 3928; x_wconf 88' lang='lat' dir='ltr'><strong>ec</strong></span> <span class='ocrx_word' id='word_1_405' title='bbox 1612 3879 1681 3929; x_wconf 89' lang='lat' dir='ltr'><strong>tum</strong></span> 
     </span>
     <span class='ocr_line' id='line_1_59' title="bbox 940 3959 1683 4052; baseline -0.003 -20"><span class='ocrx_word' id='word_1_406' title='bbox 940 3967 1083 4043; x_wconf 85' lang='lat' dir='ltr'><strong>adverti,</strong></span> <span class='ocrx_word' id='word_1_407' title='bbox 1113 3959 1318 4052; x_wconf 79' lang='lat' dir='ltr'><strong>superiorem</strong></span> <span class='ocrx_word' id='word_1_408' title='bbox 1345 3968 1462 4030; x_wconf 87' lang='lat' dir='ltr'><strong>literae</strong></span> <span class='ocrx_word' id='word_1_409' title='bbox 1487 3965 1607 4028; x_wconf 89' lang='lat' dir='ltr'><strong>lineam</strong></span> <span class='ocrx_word' id='word_1_410' title='bbox 1631 3987 1683 4031; x_wconf 91' lang='lat' dir='ltr'><strong>re·</strong></span> 
     </span>
     <span class='ocr_line' id='line_1_60' title="bbox 939 4068 1680 4154; baseline -0.004 -19"><span class='ocrx_word' id='word_1_411' title='bbox 939 4091 1019 4136; x_wconf 76' lang='lat' dir='ltr'><strong>vera</strong></span> <span class='ocrx_word' id='word_1_412' title='bbox 1039 4069 1235 4154; x_wconf 84' lang='lat' dir='ltr'><strong>aliquantum</strong></span> <span class='ocrx_word' id='word_1_413' title='bbox 1256 4068 1423 4144; x_wconf 87' lang='lat' dir='ltr'><strong>inclinari,</strong></span> <span class='ocrx_word' id='word_1_414' title='bbox 1453 4070 1501 4132; x_wconf 76' lang='lat' dir='ltr'><strong>ric</strong></span> <span class='ocrx_word' id='word_1_415' title='bbox 1517 4081 1566 4146; x_wconf 90' lang='lat' dir='ltr'><strong>ut,</strong></span> <span class='ocrx_word' id='word_1_416' title='bbox 1592 4069 1680 4152; x_wconf 89' lang='lat' dir='ltr'><strong>quod</strong></span> 
     </span>
     <span class='ocr_line' id='line_1_61' title="bbox 940 4167 1680 4258; baseline 0 -24"><span class='ocrx_word' id='word_1_417' title='bbox 940 4167 976 4234; x_wconf 90' lang='grc' dir='ltr'><strong><em>Π</em></strong></span> <span class='ocrx_word' id='word_1_418' title='bbox 992 4193 1065 4258; x_wconf 72' lang='lat' dir='ltr'><strong>cape</strong></span> <span class='ocrx_word' id='word_1_419' title='bbox 1079 4171 1158 4233; x_wconf 90' lang='lat' dir='ltr'><strong>mihi</strong></span> <span class='ocrx_word' id='word_1_420' title='bbox 1173 4170 1358 4248; x_wconf 80' lang='lat' dir='ltr'><strong>ridebatur,</strong></span> <span class='ocrx_word' id='word_1_421' title='bbox 1376 4170 1498 4234; x_wconf 86' lang='lat' dir='ltr'><strong>certius</strong></span> <span class='ocrx_word' id='word_1_422' title='bbox 1511 4169 1555 4233; x_wconf 92' lang='lat' dir='ltr'>M</span> <span class='ocrx_word' id='word_1_423' title='bbox 1565 4171 1680 4236; x_wconf 76' lang='lat' dir='ltr'><strong>hiberi</strong></span> 
     </span>
     <span class='ocr_line' id='line_1_62' title="bbox 938 4272 1682 4357; baseline 0 -21"><span class='ocrx_word' id='word_1_424' title='bbox 938 4275 1052 4357; x_wconf 79' lang='lat' dir='ltr'><strong>poenit.</strong></span> <span class='ocrx_word' id='word_1_425' title='bbox 1096 4272 1147 4334; x_wconf 79' lang='lat' dir='ltr'><strong>Ad</strong></span> <span class='ocrx_word' id='word_1_426' title='bbox 1169 4273 1250 4336; x_wconf 89' lang='lat' dir='ltr'><strong>haec</strong></span> <span class='ocrx_word' id='word_1_427' title='bbox 1272 4293 1346 4336; x_wconf 85' lang='lat' dir='ltr'><strong>oum</strong></span> <span class='ocrx_word' id='word_1_428' title='bbox 1365 4285 1510 4350; x_wconf 83' lang='lat' dir='ltr'><strong>constet,</strong></span> <span class='ocrx_word' id='word_1_429' title='bbox 1542 4286 1576 4335; x_wconf 89' lang='lat' dir='ltr'><strong>et</strong></span> <span class='ocrx_word' id='word_1_430' title='bbox 1597 4275 1682 4336; x_wconf 84' lang='lat' dir='ltr'><strong>Aua·</strong></span> 
     </span>
    </p>
   </div>
   <div class='ocr_carea' id='block_1_10' title="bbox 940 4375 1792 4459">
    <p class='ocr_par' dir='ltr' id='par_1_11' title="bbox 940 4375 1792 4459">
     <span class='ocr_line' id='line_1_63' title="bbox 940 4375 1792 4459; baseline -0.001 -21"><span class='ocrx_word' id='word_1_431' title='bbox 940 4377 1089 4452; x_wconf 76' lang='lat' dir='ltr'><strong>uerbum,</strong></span> <span class='ocrx_word' id='word_1_432' title='bbox 1112 4389 1145 4438; x_wconf 90' lang='lat' dir='ltr'><strong>et</strong></span> <span class='ocrx_word' id='word_1_433' title='bbox 1161 4377 1343 4459; x_wconf 73' lang='lat' dir='ltr'><strong>Augustam</strong></span> <span class='ocrx_word' id='word_1_434' title='bbox 1361 4393 1523 4458; x_wconf 87' lang='lat' dir='ltr'><strong>perquem.</strong></span> <span class='ocrx_word' id='word_1_435' title='bbox 1541 4394 1614 4437; x_wconf 83' lang='lat' dir='ltr'><strong>esee</strong></span> <span class='ocrx_word' id='word_1_436' title='bbox 1626 4375 1681 4438; x_wconf 66' lang='lat' dir='ltr'><strong>‚vi-</strong></span> <span class='ocrx_word' id='word_1_437' title='bbox 1782 4411 1792 4447; x_wconf 67' lang='lat'><strong>,—</strong></span> 
     </span>
    </p>
   </div>
   <div class='ocr_carea' id='block_1_11' title="bbox 938 4473 1681 4662">
    <p class='ocr_par' dir='ltr' id='par_1_12' title="bbox 938 4473 1681 4662">
     <span class='ocr_line' id='line_1_64' title="bbox 938 4473 1678 4555; baseline -0.005 -13"><span class='ocrx_word' id='word_1_438' title='bbox 938 4480 1044 4555; x_wconf 83' lang='lat' dir='ltr'><strong>cinas,</strong></span> <span class='ocrx_word' id='word_1_439' title='bbox 1080 4499 1154 4539; x_wconf 89' lang='lat' dir='ltr'><strong>nam</strong></span> <span class='ocrx_word' id='word_1_440' title='bbox 1187 4477 1234 4540; x_wconf 81' lang='lat' dir='ltr'><strong>aio</strong></span> <span class='ocrx_word' id='word_1_441' title='bbox 1260 4473 1403 4538; x_wconf 83' lang='lat' dir='ltr'><strong>Pliniuet</strong></span> <span class='ocrx_word' id='word_1_442' title='bbox 1440 4475 1678 4552; x_wconf 81' lang='lat' dir='ltr'><strong>Anazarbeni,</strong></span> 
     </span>
     <span class='ocr_line' id='line_1_65' title="bbox 938 4575 1681 4662; baseline -0.005 -20"><span class='ocrx_word' id='word_1_443' title='bbox 938 4583 997 4662; x_wconf 78' lang='lat' dir='ltr'><strong>qui</strong></span> <span class='ocrx_word' id='word_1_444' title='bbox 1012 4601 1099 4642; x_wconf 83' lang='lat' dir='ltr'><strong>nunc</strong></span> <span class='ocrx_word' id='word_1_445' title='bbox 1116 4579 1296 4654; x_wconf 82' lang='lat' dir='ltr'><strong>Caesarea,</strong></span> <span class='ocrx_word' id='word_1_446' title='bbox 1315 4578 1493 4658; x_wconf 80' lang='lat' dir='ltr'><strong>Augusto,</strong></span> <span class='ocrx_word' id='word_1_447' title='bbox 1522 4575 1681 4638; x_wconf 81' lang='lat' dir='ltr'><strong>Castaba-</strong></span> 
     </span>
    </p>
   </div>
   <div class='ocr_carea' id='block_1_12' title="bbox 938 4675 1682 4866">
    <p class='ocr_par' dir='ltr' id='par_1_13' title="bbox 938 4675 1682 4866">
     <span class='ocr_line' id='line_1_66' title="bbox 938 4675 1679 4768; baseline -0.003 -24"><span class='ocrx_word' id='word_1_448' title='bbox 938 4683 991 4768; x_wconf 78' lang='lat' dir='ltr'><strong>la,</strong></span> <span class='ocrx_word' id='word_1_449' title='bbox 1007 4679 1177 4765; x_wconf 90' lang='lat' dir='ltr'><strong>probabile</strong></span> <span class='ocrx_word' id='word_1_450' title='bbox 1192 4699 1269 4744; x_wconf 81' lang='lat' dir='ltr'><strong>eane</strong></span> <span class='ocrx_word' id='word_1_451' title='bbox 1284 4676 1431 4758; x_wconf 79' lang='lat' dir='ltr'><strong>ridetur,</strong></span> <span class='ocrx_word' id='word_1_452' title='bbox 1446 4675 1679 4742; x_wconf 70' lang='lat' dir='ltr'><strong>Aumarbeuoa</strong></span> 
     </span>
     <span class='ocr_line' id='line_1_67' title="bbox 939 4777 1682 4866; baseline -0.004 -19"><span class='ocrx_word' id='word_1_453' title='bbox 939 4797 973 4847; x_wconf 89' lang='lat' dir='ltr'><strong>et</strong></span> <span class='ocrx_word' id='word_1_454' title='bbox 995 4785 1200 4866; x_wconf 76' lang='lat' dir='ltr'><strong>Augustanos</strong></span> <span class='ocrx_word' id='word_1_455' title='bbox 1229 4777 1370 4846; x_wconf 82' lang='lat' dir='ltr'><strong>Neronia</strong></span> <span class='ocrx_word' id='word_1_456' title='bbox 1402 4791 1507 4845; x_wconf 85' lang='lat' dir='ltr'><strong>aetate</strong></span> <span class='ocrx_word' id='word_1_457' title='bbox 1538 4777 1682 4845; x_wconf 85' lang='lat' dir='ltr'><strong>commu-</strong></span> 
     </span>
    </p>
   </div>
   <div class='ocr_carea' id='block_1_13' title="bbox 0 0 2136 5472">
    <p class='ocr_par' dir='ltr' id='par_1_14' title="bbox 0 0 2136 5472">
     <span class='ocr_line' id='line_1_68' title="bbox 0 0 2136 5472; baseline 0 2"><span class='ocrx_word' id='word_1_458' title='bbox 0 0 2136 5472; x_wconf 95' lang='lat' dir='ltr'><strong> </strong></span> 
     </span>
    </p>
   </div>
  </div>
 </body>
</html>
