4168 5454
453 617 523 692 ιιι
799 632 807 642 -
950 555 1504 684 sruuvc1s‚r1surs.

452 755 616 850 Deinceps
652 765 686 830 in
721 778 851 830 moneta
880 763 1082 828 Antiocheae
1113 765 1196 828 mirs
1252 759 1348 829 uetus
1369 741 1583 828 Autioehouis
1607 771 1870 838 assuatuoollata
1888 775 1950 842 iudi

447 868 758 952 perturbationes
779 869 842 953 pe'r
862 867 1026 932 evidentis
1053 880 1204 934 moneta-s
1251 881 1346 932 ustor
1367 866 1621 944 litterum,
1651 869 1696 952 sio
1721 859 1857 938 ιὀιιιιιιιι
1873 900 1890 940 ι
1906 901 1951 963 po·
2047 857 2048 872 ἵ

446 971 572 1034 riorum
603 981 751 1056 peooats,
782 989 842 1034 seu
869 991 932 1054 per
959 968 1095 1033 ebusum
1124 969 1203 1052 ejus
1249 969 1329 1054 pulo
1344 966 1482 1033 indicari
1500 911 1719 1037 tuoruum
1736 971 1841 1038 idest:
1858 983 1952 1061 populi

447 1073 554 1150 tituli,
579 1085 615 1136 ut
634 1072 676 1136 etl
699 1093 816 1137 numos
836 1072 926 1156 ipsos
944 1069 1022 1134 inde
1040 1094 1059 1136 s
1076 1071 1194 1136 fluori-
1250 1072 1465 1149 auctoritati,
1492 1070 1585 1136 vel
1566 1093 1672 1151 puseo.
1710 1074 1794 1136 lstud
1813 1095 1878 1144 eum
1894 1101 1953 1164 pto·

448 1195 493 1237 no
515 1173 731 1261 advertimus,
766 1175 810 1237 At
837 1173 910 1258 quis
937 1173 1057 1238 deinde
1078 1193 1201 1239 seusus
1249 1167 1359 1234 babile
1388 1169 1494 1238 visum
1521 1172 1564 1236 sit
1589 1173 1662 1238 siro
1691 1175 1824 1255 eximio,
1847 1199 1952 1244 musam

447 1275 631 1338 litterarum
661 1273 702 1341 A.
724 1273 785 1352 tt,
822 1295 905 1360 quae
934 1295 1001 1338 non
1031 1275 1129 1339 modo
1156 1275 1204 1340 iu,
1250 1273 1347 1336 etism
1369 1271 1624 1352 antistatum,
1649 1275 1674 1340 l.
1695 1277 1828 1342 ourhae
1849 1279 1953 1345 litteras
2049 1331 2050 1338 ,

447 1377 557 1439 ιιιιιιίι
576 1377 687 1441 aeneis
708 1390 785 1440 nota
807 1377 842 1442 8.
864 1378 900 1441 0.
929 1377 1128 1461 insignibus,
1158 1390 1201 1440 ot.
1249 1373 1283 1436 iu
1300 1374 1390 1438 nulla
1407 1387 1556 1440 ιιιοιιιιιι
1571 1375 1791 1442 Antiochense
1813 1379 1902 1444 uisere
1920 1381 1955 1443 ie·

446 1479 567 1543 deinde
598 1479 632 1540 in
660 1477 768 1541 nemis
799 1477 992 1542 Antioohiae
1025 1477 1190 1556 coloniae,
1249 1490 1367 1558 gantur
1382 1491 1456 1540 ante
1471 1476 1693 1541 Carsosllam?
1710 1501 1749 1542 ιιι
1763 1493 1827 1544 tum
1840 1481 1956 1563 primum

445 1581 487 1642 de
529 1579 645 1667 quibus
681 1595 798 1666 agetur
826 1580 934 1664 eapite
966 1581 1020 1644 ΙΙΙ.
1053 1593 1087 1642 et
1115 1581 1191 1658 tv„
1248 1577 1386 1641 secessit
1403 1580 1516 1662 populi
1532 1580 1729 1644 auotoritas?
1758 1583 1795 1643 11.
1810 1583 1957 1667 Asprobs·

445 1681 522 1746 inde
553 1705 572 1747 s
598 1683 764 1747 Caracalla
791 1681 865 1746 sere
894 1693 969 1744 sunt
994 1694 1217 1765 perpetuae„
1247 1679 1351 1758 verit,
1379 1699 1421 1744 ex
1436 1701 1503 1766 quo
1522 1680 1739 1766 imperatores
1757 1682 1790 1744 iu
1805 1683 1874 1750 trib.
1888 1701 1961 1770 pote·

444 1783 506 1850 sed
529 1785 627 1848 etiam
648 1797 777 1849 exstant
796 1785 831 1846 in
852 1782 1019 1846 nonnullis
1037 1805 1191 1868 praesen·
1247 1793 1364 1846 statem
1384 1781 1592 1862 involavere,
1610 1785 1708 1870 quain
1726 1785 1850 1848 Tacitus
1866 1791 1961 1850 summi

444 1987 574 2072 gabuli?
602 1989 667 2052 Eas
689 1987 860 2060 Tristsnus
884 1985 968 2070 legit
991 1983 1206 2071 Δημαρχιιης-
1246 1982 1315 2046 lum
1340 1985 1463 2070 aliquid
1487 1985 1620 2050 nomine
1648 1985 1726 2052 trib.
1743 1988 1896 2070 potestatis
1916 1989 1963 2051 soi·

332 2137 337 2152 .
441 2088 599 2168 Εξιιιιις,
626 2091 828 2153 tribunicius
840 2089 1037 2170 potestatis,
1062 2100 1096 2150 et
1115 2088 1191 2151 titu-
1245 2088 1356 2150 visse?
1386 2089 1438 2150 Au
1460 2107 1542 2154 vetto
1559 2093 1665 2154 ,etiam
1682 2102 1786 2152 stante
1805 2109 1964 2174 reppopu·

442 2191 511 2253 lum
530 2193 617 2254 hune
636 2190 928 2275 adimperatorem
945 2189 1051 2254 refert
1066 2192 1106 2273 ¹).
1128 2190 1190 2262 Vir
1245 2187 1297 2252 lus
1327 2188 1449 2273 aliquid
1478 2189 1540 2254 hae
1568 2190 1715 2254 formula
1744 2189 1853 2258 seivit?
1887 2189 1964 2274 Legi·

444 2293 594 2356 eruditus
621 2314 740 2357 numos
768 2293 864 2376 hujus
895 2293 1006 2356 elassis
1037 2306 1091 2356 sut
1121 2313 1191 2359 nou
1246 2309 1317 2350 mus
1347 2289 1381 2352 in
1406 2291 1533 2368 numia,
1566 2291 1754 2356 Octaviano
1775 2291 1896 2358 Caesari
1918 2307 1966 2356 ιιι·

441 2395 540 2474 vidit,
571 2409 626 2458 aut
656 2395 697 2458 ad
727 2415 786 2459 eos
813 2393 953 2459 animum
981 2416 1047 2460 nor
1075 2395 1188 2460 sdver-
1245 2401 1332 2453 tuam
1351 2391 1488 2457 dicatam
1505 2392 1684 2463 POPVLI.
1702 2393 1852 2472 tvssv.‚
1871 2407 1899 2456 at
1913 2414 1965 2454 sor

440 2497 497 2574 tit,
527 2497 562 2560 in
590 2497 707 2581 quibus
735 2497 866 2562 litterae
893 2493 933 2561 A.
956 2497 996 2561 E.
1018 2507 1187 2574 notantur,
1244 2493 1320 2560 trib.
1342 2507 1515 2578 potestate.
1555 2498 1611 2558 ffl.
1636 2496 1677 2558 Si
1705 2515 1765 2560 ese
1793 2495 1910 2558 litterae
1929 2495 1966 2554 ia·
2051 2521 2052 2524 ¹

441 2598 538 2662 etism
563 2619 639 2661 oum
670 2599 704 2659 in
731 2598 773 2660 iis
802 2599 958 2682 scriptum
979 2599 1043 2681 jam
1064 2599 1188 2682 legitur
1245 2593 1353 2660 dicant
1370 2597 1598 2662 auctoritatem
1614 2598 1735 2684 populi
1752 2598 1896 2672 Romani,
1919 2615 1965 2657 mr

440 2695 764 2762 AHMAPXIKHC.
802 2697 1035 2765 EEOTCIAC.
1080 2699 1186 2794 Quor·
1244 2715 1284 2760 es
1309 2698 1503 2780 exprimitur
1525 2701 1680 2766 oratioue
1696 2701 1840 2777 Graeca,
1861 2687 1967 2786 quando

439 2821 509 2862 sum
536 2819 618 2884 ergo
642 2799 745 2864 otiosa
767 2801 849 2864 haec
872 2802 1071 2887 tautologia?
1100 2806 1188 2867 Esn-
1243 2801 1417 2873 auotoritas
1434 2817 1564 2866 senatus
1586 2804 1789 2887 exprimitur
1806 2799 1904 2868 verbis
1919 2801 1968 2860 La·

438 2899 514 2964 dem
531 2903 708 2964 lectionem
726 2903 873 2988 sequitur
889 2906 987 2969 etism
1001 2904 1184 2983 Bimsrdus,
1241 2900 1318 2964 sinis
1340 2902 1373 2966 8.
1391 2903 1451 2969 C.?
1482 2905 1644 2969 abstineo
1665 2905 1827 2990 pluribus.
1854 2901 1969 2965 Hardui·

437 3023 474 3066 ao
499 3017 672 3086 praeterea
696 3005 767 3088 ejus
791 3025 920 3068 eausam
939 3005 1065 3084 adfert,
1090 3009 1185 3072 Cara-
1241 3021 1302 3066 uus
1320 3003 1420 3084 legit:
1440 3002 1530 3088 Apus
1547 3007 1657 3092 Ευχῃ,
1678 3011 1797 3092 populi
1816 3001 1968 3088 rogatui),

437 3105 554 3167 uallem
586 3106 660 3189 jure
690 3106 765 3169 trib.
790 3109 959 3190 potestatis
988 3109 1184 3174 Antioohiae
1241 3103 1301 3168 sed
1321 3108 1434 3172 taedet
1457 3109 1574 3174 similia
1598 3109 1765 3174 refutare.
1807 3109 1920 3176 Verum
1943 3119 1970 3166 ut
2051 3089 2052 3108 ¹

358 3223 364 3234 ’
436 3206 621 3270 restituisse
656 3207 830 3293 privilegia
860 3231 878 3272 ι
911 3211 1038 3276 Severo
1073 3213 1183 3276 adem·
1239 3203 1337 3272 facile
1359 3223 1409 3273 est
1427 3210 1542 3276 haeo'
1528 3231 1750 3298 impugnare,
1773 3210 1821 3274 siu
1841 3207 1970 3272 sufficere

435 3319 491 3390 pte
512 3303 556 3389 ιι).
591 3309 635 3369 At
658 3309 747 3373 enim
768 3323 997 3417 praeterquam
1020 3313 1107 3398 quod
1127 3313 1183 3375 Bi·
1239 3309 1361 3393 aliquid
1387 3312 1545 3380 idoneum
1576 3335 1646 3378 uon
1678 3335 1757 3380 esse
1780 3332 1916 3377 metrum
1937 3309 1973 3378 ιῑ·

434 3409 549 3472 mardo
580 3403 777 3495 respouderi
808 3392 896 3476 idem
927 3427 1052 3498 potest,
1093 3415 1182 3498 quod
1238 3411 1341 3488 rium,
1364 3413 1501 3480 esudide
1521 3417 1702 3497 profiteor.

341 3581 344 3592 ι
433 3509 598 3586 Τιίιιιιιο,
612 3513 764 3596 priuileg'
754 3537 783 3576 ιι
798 3515 872 3576 urbs
886 3515 1182 3593 restitueratsdem,
1302 3513 1337 3577 8.
1354 3515 1424 3582 0.·
1410 3537 1447 3578 ιιι
1475 3532 1656 3600 praesente
1684 3539 1862 3582 nemorum
1886 3519 1972 3582 ctaste

435 3611 491 3692 qui
508 3613 693 3692 ademerat,
715 3615 879 3692 Severus,
904 3615 1023 3679 deinde
1043 3619 1181 3684 eaedem
1237 3613 1392 3678 scribitur
1420 3617 1502 3684 inde
1530 3643 1551 3684 ι
1578 3621 1760 3689 Gordiano
1789 3623 1864 3699 ut,
1897 3633 1925 3684 at
1948 3620 1974 3680 in

434 3713 565 3776 litterae
594 3713 632 3779 A.
652 3715 691 3781 Ε.
715 3717 871 3800 leguntur
896 3719 994 3782 etiam
1015 3720 1050 3781 in
1072 3721 1179 3785 rumis
1237 3713 1340 3780 elme
1369 3735 1529 3803 tequeute
1556 3743 1726 3788 ueneram
1753 3727 1821 3809 jam
1848 3721 1919 3785 inde
1942 3719 1974 3782 th

431 3811 615 3879 Laodiceae
634 3817 800 3896 coloniae,
820 3821 896 3903 quin
916 3833 1023 3884 tamen
1040 3837 1177 3904 constet,
1235 3816 1403 3900 Augusto,
1435 3845 1474 3888 eo
1503 3841 1672 3910 perpetuo
1695 3830 1733 3891 in
1754 3827 1863 3892 mamis
1882 3823 1977 3888 Antio

430 3915 664 3998 imperatorem
677 3921 853 4004 quamdam
874 3923 947 4004 jure
971 3923 1067 4006 hujus
1087 3938 1179 4008 pote·
1235 3919 1329 3986 ohise
1359 3924 1518 3990 coloniae.
1561 3929 1635 3994 Hae
1669 3921 1778 3994 ιιιιιιιιιΙ
1806 3928 1918 4015 passim
1943 3923 1977 3987 td

433 4017 523 4079 statis
544 4018 576 4079 si
593 4021 766 4105 privilegia
784 4037 838 4086 aut
856 4024 1029 4102 tribuisse,
1054 4040 1144 4090 eutr
1125 4049 1178 4093 re.
1234 4021 1386 4088 'collatura
1422 4029 1566 4094 Senatus
1607 4031 1782 4098 Consulto
1825 4025 1979 4096 feriendae

432 4117 585 4183 stituisse.
624 4121 816 4188 Vaiilantius
845 4145 900 4189 eas
924 4127 1080 4210 legendas
1108 4129 1178 4212 qui·
1233 4141 1385 4192 monetae
1403 4142 1598 4212 potestatem
1613 4133 1831 4204 referuntur.
1859 4131 1977 4197 Istud
1955 4152 1979 4194 ιι

431 4217 508 4280 dem
524 4219 623 4282 dotet
642 4221 843 4308 Δημιςχιιης
858 4225 1013 4305 Εξισιας,
1038 4229 1143 4292 sed
1116 4251 1174 4308 sto,
1231 4247 1370 4307 verum,
1424 4233 1513 4316 quod
1555 4255 1774 4323 nequaquam
1819 4240 1979 4321 impugno,

429 4333 466 4381 ut
488 4339 526 4383 ea
548 4321 647 4385 verba
676 4345 742 4386 non
769 4327 846 4388 ad
836 4341 1086 4411 imperatorem,
1114 4330 1174 4395 sed
1231 4331 1351 4396 mirum
1379 4335 1555 4419 proferto,
1586 4339 1672 4402 solis
1701 4342 1920 4406 Antioohenis
1945 4333 1981 4400 ad

429 4422 471 4484 ad
509 4424 664 4506 populum
703 4426 798 4489 Rom.
839 4428 984 4506 referat,
1032 4451 1172 4516 nempe,
1229 4431 1415 4502 feriundum
1452 4453 1616 4506 monetam
1658 4457 1803 4509 senatus
1842 4441 1979 4508 consulto

430 4527 703 4606 quemadmodum
738 4527 875 4594 facultas
904 4531 1073 4597 cudendae
1104 4555 1172 4600 mo·
1229 4555 1311 4620 opus
1338 4539 1451 4605 fuisse.
1486 4543 1581 4608 Aliae
1609 4543 1720 4610 urbes
1752 4545 1828 4630 ejus
1857 4543 1916 4608 tibi
1942 4539 1980 4604 ia·
2051 4577 2052 4662 p

436 4663 1980 4714 ---—-—--—-----...-...-

428 4749 896 4918 sest);:⁰1}¹mgn2t{2T⁹u'p'w⁵
995 4756 1030 4832 b)
1052 4759 1170 4821 ιιιοιι.
1185 4762 1222 4820 Τ.
1232 4763 1270 4822 11.
1288 4775 1396 4844 pm
1466 4771 1525 4842 ι)
1545 4775 1619 4831 tm.
1630 4773 1691 4834 111.
1712 4779 1760 4840 56
1837 4773 1981 4850 ‹Dopp
