<?xml version="1.0" encoding="UTF-8"?>
<!DOCTYPE html PUBLIC "-//W3C//DTD XHTML 1.0 Transitional//EN"
    "http://www.w3.org/TR/xhtml1/DTD/xhtml1-transitional.dtd">
<html xmlns="http://www.w3.org/1999/xhtml" xml:lang="en" lang="en">
 <head>
  <title>
</title>
<meta http-equiv="Content-Type" content="text/html;charset=utf-8" />
  <meta name='ocr-system' content='tesseract 3.04.00' />
  <meta name='ocr-capabilities' content='ocr_page ocr_carea ocr_par ocr_line ocrx_word'/>
</head>
<body>
  <div class='ocr_page' id='page_1' title='image "./doctrinanumorum02hohlgoog/doctrinanumorum02hohlgoog_0201.png"; bbox 0 0 4160 5454; ppageno 0'>
   <div class='ocr_carea' id='block_1_1' title="bbox 446 501 1416 620">
    <p class='ocr_par' dir='ltr' id='par_1_1' title="bbox 446 501 1416 620">
     <span class='ocr_line' id='line_1_1' title="bbox 446 501 1416 620; baseline -0.01 -37"><span class='ocrx_word' id='word_1_1' title='bbox 446 529 513 596; x_wconf 52' lang='lat' dir='ltr'><strong>113ss</strong></span> <span class='ocrx_word' id='word_1_2' title='bbox 639 613 643 620; x_wconf 17' lang='grc' dir='ltr'>ι</span> <span class='ocrx_word' id='word_1_3' title='bbox 1011 501 1416 582; x_wconf 77' lang='lat' dir='ltr'><strong>carraoocm.</strong></span> 
     </span>
    </p>
   </div>
   <div class='ocr_carea' id='block_1_2' title="bbox 441 672 1957 766">
    <p class='ocr_par' dir='ltr' id='par_1_2' title="bbox 441 672 1957 766">
     <span class='ocr_line' id='line_1_2' title="bbox 441 672 1957 766; baseline 0.001 -22"><span class='ocrx_word' id='word_1_4' title='bbox 441 695 574 766; x_wconf 84' lang='lat' dir='ltr'><strong>praeter</strong></span> <span class='ocrx_word' id='word_1_5' title='bbox 600 679 683 742; x_wconf 89' lang='lat' dir='ltr'><strong>hanc</strong></span> <span class='ocrx_word' id='word_1_6' title='bbox 713 677 905 739; x_wconf 82' lang='lat' dir='ltr'><strong>Caesaream</strong></span> <span class='ocrx_word' id='word_1_7' title='bbox 931 695 998 737; x_wconf 93' lang='lat' dir='ltr'><strong>non</strong></span> <span class='ocrx_word' id='word_1_8' title='bbox 1025 673 1183 738; x_wconf 78' lang='lat' dir='ltr'><strong>habenas</strong></span> <span class='ocrx_word' id='word_1_9' title='bbox 1304 672 1383 737; x_wconf 87' lang='lat' dir='ltr'><strong>lade</strong></span> <span class='ocrx_word' id='word_1_10' title='bbox 1409 674 1574 740; x_wconf 83' lang='lat' dir='ltr'><strong>achcro</strong></span> <span class='ocrx_word' id='word_1_11' title='bbox 1593 676 1759 760; x_wconf 79' lang='lat' dir='ltr'><strong>inscriptio</strong></span> <span class='ocrx_word' id='word_1_12' title='bbox 1777 695 1838 740; x_wconf 87' lang='lat' dir='ltr'><strong>non</strong></span> <span class='ocrx_word' id='word_1_13' title='bbox 1860 677 1957 749; x_wconf 76' lang='lat' dir='ltr'><strong>differt</strong></span> 
     </span>
    </p>
   </div>
   <div class='ocr_carea' id='block_1_3' title="bbox 362 774 1960 1676">
    <p class='ocr_par' dir='ltr' id='par_1_3' title="bbox 362 774 1958 1168">
     <span class='ocr_line' id='line_1_3' title="bbox 441 774 1958 862; baseline 0 -16"><span class='ocrx_word' id='word_1_14' title='bbox 441 785 557 846; x_wconf 89' lang='lat' dir='ltr'><strong>urbem</strong></span> <span class='ocrx_word' id='word_1_15' title='bbox 579 782 673 844; x_wconf 88' lang='lat' dir='ltr'><strong>aliam</strong></span> <span class='ocrx_word' id='word_1_16' title='bbox 688 777 863 852; x_wconf 77' lang='lat' dir='ltr'>Graecam,</span> <span class='ocrx_word' id='word_1_17' title='bbox 887 797 969 862; x_wconf 86' lang='lat' dir='ltr'><strong>quac</strong></span> <span class='ocrx_word' id='word_1_18' title='bbox 991 797 1064 840; x_wconf 90' lang='lat' dir='ltr'><strong>curn</strong></span> <span class='ocrx_word' id='word_1_19' title='bbox 1082 779 1184 861; x_wconf 85' lang='lat' dir='ltr'><strong>impe·</strong></span> <span class='ocrx_word' id='word_1_20' title='bbox 1241 774 1281 838; x_wconf 89' lang='lat' dir='ltr'><strong>ab</strong></span> <span class='ocrx_word' id='word_1_21' title='bbox 1297 797 1353 853; x_wconf 87' lang='lat' dir='ltr'><strong>ca,</strong></span> <span class='ocrx_word' id='word_1_22' title='bbox 1376 795 1458 860; x_wconf 84' lang='lat' dir='ltr'><strong>quac</strong></span> <span class='ocrx_word' id='word_1_23' title='bbox 1479 775 1513 836; x_wconf 93' lang='lat' dir='ltr'><strong>in</strong></span> <span class='ocrx_word' id='word_1_24' title='bbox 1533 778 1644 842; x_wconf 84' lang='lat' dir='ltr'><strong>acacia</strong></span> <span class='ocrx_word' id='word_1_25' title='bbox 1662 780 1855 844; x_wconf 74' lang='lat' dir='ltr'><strong>obterantur.</strong></span> <span class='ocrx_word' id='word_1_26' title='bbox 1883 784 1958 846; x_wconf 80' lang='lat' dir='ltr'><strong>Scri·</strong></span> 
     </span>
     <span class='ocr_line' id='line_1_4' title="bbox 362 877 1958 964; baseline 0 -18"><span class='ocrx_word' id='word_1_27' title='bbox 362 941 367 946; x_wconf 90' lang='lat'><em>.</em></span> <span class='ocrx_word' id='word_1_28' title='bbox 440 885 559 948; x_wconf 85' lang='lat' dir='ltr'><strong>ratoria</strong></span> <span class='ocrx_word' id='word_1_29' title='bbox 598 881 703 964; x_wconf 86' lang='lat' dir='ltr'><strong>capite</strong></span> <span class='ocrx_word' id='word_1_30' title='bbox 744 901 876 942; x_wconf 84' lang='lat' dir='ltr'><strong>numum</strong></span> <span class='ocrx_word' id='word_1_31' title='bbox 906 899 1040 942; x_wconf 84' lang='lat' dir='ltr'><strong>aureum</strong></span> <span class='ocrx_word' id='word_1_32' title='bbox 1079 881 1184 960; x_wconf 86' lang='lat' dir='ltr'><strong>aigna-</strong></span> <span class='ocrx_word' id='word_1_33' title='bbox 1237 877 1328 940; x_wconf 81' lang='lat' dir='ltr'><strong>bitur</strong></span> <span class='ocrx_word' id='word_1_34' title='bbox 1352 877 1504 940; x_wconf 76' lang='lat' dir='ltr'><strong>nimirum</strong></span> <span class='ocrx_word' id='word_1_35' title='bbox 1528 899 1648 944; x_wconf 89' lang='lat' dir='ltr'><strong>nomen</strong></span> <span class='ocrx_word' id='word_1_36' title='bbox 1672 883 1777 959; x_wconf 84' lang='lat' dir='ltr'><strong>urbia,</strong></span> <span class='ocrx_word' id='word_1_37' title='bbox 1798 885 1958 946; x_wconf 75' lang='lat' dir='ltr'><strong>anausim·</strong></span> 
     </span>
     <span class='ocr_line' id='line_1_5' title="bbox 440 979 1955 1064; baseline -0.001 -14"><span class='ocrx_word' id='word_1_38' title='bbox 440 987 544 1060; x_wconf 80' lang='lat' dir='ltr'><strong>verit,</strong></span> <span class='ocrx_word' id='word_1_39' title='bbox 575 984 603 1045; x_wconf 85' lang='lat' dir='ltr'><strong>ai</strong></span> <span class='ocrx_word' id='word_1_40' title='bbox 623 983 764 1046; x_wconf 87' lang='lat' dir='ltr'><strong>Gabalac</strong></span> <span class='ocrx_word' id='word_1_41' title='bbox 786 981 900 1062; x_wconf 77' lang='lat' dir='ltr'>Syriae</span> <span class='ocrx_word' id='word_1_42' title='bbox 929 1001 1046 1047; x_wconf 85' lang='lat' dir='ltr'><strong>numoa</strong></span> <span class='ocrx_word' id='word_1_43' title='bbox 1072 979 1183 1044; x_wconf 80' lang='lat' dir='ltr'><strong>demae</strong></span> <span class='ocrx_word' id='word_1_44' title='bbox 1240 981 1346 1064; x_wconf 85' lang='lat' dir='ltr'><strong>perii,</strong></span> <span class='ocrx_word' id='word_1_45' title='bbox 1374 993 1587 1058; x_wconf 84' lang='lat' dir='ltr'><strong>neocoratua‚</strong></span> <span class='ocrx_word' id='word_1_46' title='bbox 1616 997 1650 1046; x_wconf 86' lang='lat' dir='ltr'><strong>et</strong></span> <span class='ocrx_word' id='word_1_47' title='bbox 1675 984 1830 1048; x_wconf 81' lang='lat' dir='ltr'><strong>omittitur</strong></span> <span class='ocrx_word' id='word_1_48' title='bbox 1849 988 1955 1050; x_wconf 86' lang='lat' dir='ltr'><strong>mentio</strong></span> 
     </span>
     <span class='ocr_line' id='line_1_6' title="bbox 442 1082 1830 1168; baseline -0.003 -16"><span class='ocrx_word' id='word_1_49' title='bbox 442 1087 502 1152; x_wconf 84' lang='lat' dir='ltr'><strong>sub</strong></span> <span class='ocrx_word' id='word_1_50' title='bbox 531 1085 661 1148; x_wconf 71' lang='lat' dir='ltr'><strong>luscino·</strong></span> <span class='ocrx_word' id='word_1_51' title='bbox 675 1087 715 1146; x_wconf 91' lang='lat'><strong>11.</strong></span> <span class='ocrx_word' id='word_1_52' title='bbox 746 1103 853 1148; x_wconf 80' lang='lat' dir='ltr'><strong>coroa.</strong></span> <span class='ocrx_word' id='word_1_53' title='bbox 897 1082 1099 1151; x_wconf 84' lang='lat' dir='ltr'><strong>Vaillantina·</strong></span> <span class='ocrx_word' id='word_1_54' title='bbox 1120 1083 1189 1146; x_wconf 83' lang='lat' dir='ltr'><strong>auia</strong></span> <span class='ocrx_word' id='word_1_55' title='bbox 1243 1082 1486 1156; x_wconf 74' lang='lat' dir='ltr'><strong>consulatuum,</strong></span> <span class='ocrx_word' id='word_1_56' title='bbox 1508 1097 1542 1146; x_wconf 87' lang='lat' dir='ltr'><strong>et</strong></span> <span class='ocrx_word' id='word_1_57' title='bbox 1561 1083 1638 1149; x_wconf 89' lang='lat' dir='ltr'><strong>trib.</strong></span> <span class='ocrx_word' id='word_1_58' title='bbox 1657 1083 1830 1168; x_wconf 78' lang='lat' dir='ltr'><strong>potentatia.</strong></span> 
     </span>
    </p>

    <p class='ocr_par' dir='ltr' id='par_1_4' title="bbox 442 1183 1960 1676">
     <span class='ocr_line' id='line_1_7' title="bbox 442 1183 1959 1271; baseline -0.001 -17"><span class='ocrx_word' id='word_1_59' title='bbox 442 1191 546 1270; x_wconf 77' lang='lat' dir='ltr'><strong>Getae</strong></span> <span class='ocrx_word' id='word_1_60' title='bbox 568 1189 674 1250; x_wconf 89' lang='lat' dir='ltr'><strong>numis</strong></span> <span class='ocrx_word' id='word_1_61' title='bbox 699 1185 860 1266; x_wconf 73' lang='lat' dir='ltr'><strong>subjecit:</strong></span> <span class='ocrx_word' id='word_1_62' title='bbox 889 1187 956 1248; x_wconf 87' lang='lat' dir='ltr'><strong>Hic</strong></span> <span class='ocrx_word' id='word_1_63' title='bbox 985 1205 1104 1246; x_wconf 83' lang='lat' dir='ltr'><strong>numus</strong></span> <span class='ocrx_word' id='word_1_64' title='bbox 1128 1203 1189 1245; x_wconf 82' lang='lat' dir='ltr'><strong>aa·</strong></span> <span class='ocrx_word' id='word_1_65' title='bbox 1306 1183 1358 1246; x_wconf 83' lang='lat' dir='ltr'><strong>Ad</strong></span> <span class='ocrx_word' id='word_1_66' title='bbox 1380 1183 1463 1246; x_wconf 86' lang='lat' dir='ltr'><strong>hanc</strong></span> <span class='ocrx_word' id='word_1_67' title='bbox 1485 1187 1583 1250; x_wconf 85' lang='lat' dir='ltr'><strong>ctiam</strong></span> <span class='ocrx_word' id='word_1_68' title='bbox 1601 1185 1716 1250; x_wconf 87' lang='lat' dir='ltr'><strong>urbem</strong></span> <span class='ocrx_word' id='word_1_69' title='bbox 1737 1186 1879 1250; x_wconf 75' lang='lat' dir='ltr'><strong>existimo</strong></span> <span class='ocrx_word' id='word_1_70' title='bbox 1897 1210 1959 1271; x_wconf 82' lang='lat' dir='ltr'><strong>per·</strong></span> 
     </span>
     <span class='ocr_line' id='line_1_8' title="bbox 443 1273 1960 1370; baseline -0.003 -15"><span class='ocrx_word' id='word_1_71' title='bbox 443 1314 519 1355; x_wconf 83' lang='lat' dir='ltr'><strong>reus</strong></span> <span class='ocrx_word' id='word_1_72' title='bbox 540 1294 629 1353; x_wconf 79' lang='lat' dir='ltr'><strong>inter</strong></span> <span class='ocrx_word' id='word_1_73' title='bbox 650 1291 796 1351; x_wconf 77' lang='lat' dir='ltr'><strong>rariores</strong></span> <span class='ocrx_word' id='word_1_74' title='bbox 819 1287 997 1352; x_wconf 71' lang='lat' dir='ltr'><strong>habendus.</strong></span> <span class='ocrx_word' id='word_1_75' title='bbox 1033 1273 1077 1348; x_wconf 75' lang='lat' dir='ltr'><strong>&#39;Aa</strong></span> <span class='ocrx_word' id='word_1_76' title='bbox 1100 1285 1186 1348; x_wconf 87' lang='lat' dir='ltr'><strong>enim</strong></span> <span class='ocrx_word' id='word_1_77' title='bbox 1242 1285 1348 1348; x_wconf 87' lang='lat' dir='ltr'><strong>tinere</strong></span> <span class='ocrx_word' id='word_1_78' title='bbox 1388 1301 1563 1370; x_wconf 79' lang='lat' dir='ltr'><strong>argenteos</strong></span> <span class='ocrx_word' id='word_1_79' title='bbox 1599 1288 1760 1350; x_wconf 79' lang='lat' dir='ltr'><strong>Neronis:</strong></span> <span class='ocrx_word' id='word_1_80' title='bbox 1800 1286 1960 1352; x_wconf 78' lang='lat' dir='ltr'><strong>AlAPAI&#39;·</strong></span> 
     </span>
     <span class='ocr_line' id='line_1_9' title="bbox 442 1383 1957 1471; baseline -0.001 -16"><span class='ocrx_word' id='word_1_81' title='bbox 442 1415 510 1456; x_wconf 91' lang='lat' dir='ltr'><strong>non</strong></span> <span class='ocrx_word' id='word_1_82' title='bbox 530 1391 588 1456; x_wconf 85' lang='lat' dir='ltr'><strong>ille</strong></span> <span class='ocrx_word' id='word_1_83' title='bbox 606 1411 739 1456; x_wconf 79' lang='lat' dir='ltr'><strong>numum</strong></span> <span class='ocrx_word' id='word_1_84' title='bbox 762 1411 880 1467; x_wconf 87' lang='lat' dir='ltr'><strong>unum,</strong></span> <span class='ocrx_word' id='word_1_85' title='bbox 903 1387 962 1453; x_wconf 85' lang='lat' dir='ltr'><strong>aed</strong></span> <span class='ocrx_word' id='word_1_86' title='bbox 978 1401 1066 1466; x_wconf 79' lang='lat' dir='ltr'><strong>trra,</strong></span> <span class='ocrx_word' id='word_1_87' title='bbox 1087 1389 1189 1452; x_wconf 82' lang='lat' dir='ltr'><strong>ut-vi·</strong></span> <span class='ocrx_word' id='word_1_88' title='bbox 1241 1384 1362 1452; x_wconf 87' lang='lat' dir='ltr'><strong>MON.</strong></span> <span class='ocrx_word' id='word_1_89' title='bbox 1387 1389 1571 1471; x_wconf 79' lang='lat' dir='ltr'><em>Simpulum</em></span> <span class='ocrx_word' id='word_1_90' title='bbox 1586 1402 1619 1450; x_wconf 83' lang='lat' dir='ltr'><strong>ct</strong></span> <span class='ocrx_word' id='word_1_91' title='bbox 1636 1389 1753 1451; x_wconf 84' lang='lat' dir='ltr'><strong>lituus.</strong></span> <span class='ocrx_word' id='word_1_92' title='bbox 1769 1383 1957 1454; x_wconf 76' lang='grc' dir='ltr'>ΔΡΑΧΜΗ</span> 
     </span>
     <span class='ocr_line' id='line_1_10' title="bbox 443 1487 1960 1576; baseline -0.002 -18"><span class='ocrx_word' id='word_1_93' title='bbox 443 1497 569 1572; x_wconf 80' lang='lat' dir='ltr'><strong>dimoc,</strong></span> <span class='ocrx_word' id='word_1_94' title='bbox 602 1492 831 1576; x_wconf 76' lang='lat' dir='ltr'><strong>promulgavit.</strong></span> <span class='ocrx_word' id='word_1_95' title='bbox 878 1491 931 1553; x_wconf 75' lang='lat' dir='ltr'><strong>An</strong></span> <span class='ocrx_word' id='word_1_96' title='bbox 956 1511 1039 1574; x_wconf 86' lang='lat' dir='ltr'><strong>argo</strong></span> <span class='ocrx_word' id='word_1_97' title='bbox 1068 1491 1185 1555; x_wconf 89' lang='lat' dir='ltr'><strong>horum</strong></span> <span class='ocrx_word' id='word_1_98' title='bbox 1243 1487 1315 1554; x_wconf 86' lang='lat' dir='ltr'><strong>ET.</strong></span> <span class='ocrx_word' id='word_1_99' title='bbox 1338 1488 1378 1553; x_wconf 88' lang='lat' dir='ltr'><strong>E.</strong></span> <span class='ocrx_word' id='word_1_100' title='bbox 1411 1489 1549 1571; x_wconf 76' lang='lat' dir='ltr'><strong>Serpens</strong></span> <span class='ocrx_word' id='word_1_101' title='bbox 1572 1491 1699 1570; x_wconf 80' lang='lat' dir='ltr'><em>tripodi</em></span> <span class='ocrx_word' id='word_1_102' title='bbox 1722 1489 1901 1568; x_wconf 81' lang='lat' dir='ltr'><strong>obvolutae,</strong></span> <span class='ocrx_word' id='word_1_103' title='bbox 1926 1491 1960 1556; x_wconf 85' lang='lat' dir='ltr'><strong>dc</strong></span> 
     </span>
     <span class='ocr_line' id='line_1_11' title="bbox 442 1589 1849 1676; baseline -0.003 -16"><span class='ocrx_word' id='word_1_104' title='bbox 442 1610 566 1660; x_wconf 87' lang='lat' dir='ltr'><strong>tantam</strong></span> <span class='ocrx_word' id='word_1_105' title='bbox 591 1617 674 1658; x_wconf 85' lang='lat' dir='ltr'><strong>unos</strong></span> <span class='ocrx_word' id='word_1_106' title='bbox 700 1591 843 1658; x_wconf 78' lang='lat' dir='ltr'><strong>aureus?</strong></span> <span class='ocrx_word' id='word_1_107' title='bbox 877 1615 917 1654; x_wconf 91' lang='lat' dir='ltr'><strong>an</strong></span> <span class='ocrx_word' id='word_1_108' title='bbox 955 1611 1068 1656; x_wconf 75' lang='lat' dir='ltr'><strong>omnes</strong></span> <span class='ocrx_word' id='word_1_109' title='bbox 1095 1596 1188 1656; x_wconf 82' lang='lat' dir='ltr'><strong>tres?</strong></span> <span class='ocrx_word' id='word_1_110' title='bbox 1244 1590 1361 1676; x_wconf 87' lang='lat' dir='ltr'><strong>quibua</strong></span> <span class='ocrx_word' id='word_1_111' title='bbox 1379 1609 1511 1672; x_wconf 81' lang='lat' dir='ltr'>agemus</span> <span class='ocrx_word' id='word_1_112' title='bbox 1529 1591 1563 1652; x_wconf 91' lang='lat' dir='ltr'><strong>in</strong></span> <span class='ocrx_word' id='word_1_113' title='bbox 1580 1589 1687 1654; x_wconf 84' lang='lat' dir='ltr'><strong>numia</strong></span> <span class='ocrx_word' id='word_1_114' title='bbox 1702 1591 1849 1656; x_wconf 76' lang='lat' dir='ltr'><strong>Neronia.</strong></span> 
     </span>
    </p>
   </div>
   <div class='ocr_carea' id='block_1_4' title="bbox 354 1693 1542 1774">
    <p class='ocr_par' dir='ltr' id='par_1_5' title="bbox 354 1693 1542 1774">
     <span class='ocr_line' id='line_1_12' title="bbox 354 1693 1542 1774; baseline -0.008 -11"><span class='ocrx_word' id='word_1_115' title='bbox 354 1765 357 1772; x_wconf 69' lang='grc'><em>,</em></span> <span class='ocrx_word' id='word_1_116' title='bbox 445 1700 504 1762; x_wconf 84' lang='lat' dir='ltr'><strong>sin</strong></span> <span class='ocrx_word' id='word_1_117' title='bbox 525 1697 629 1774; x_wconf 77' lang='lat' dir='ltr'><strong>istud,</strong></span> <span class='ocrx_word' id='word_1_118' title='bbox 658 1697 776 1758; x_wconf 84' lang='lat' dir='ltr'><strong>mirum</strong></span> <span class='ocrx_word' id='word_1_119' title='bbox 804 1696 993 1772; x_wconf 71' lang='lat' dir='ltr'><strong>enimvero,</strong></span> <span class='ocrx_word' id='word_1_120' title='bbox 1020 1707 1089 1758; x_wconf 75' lang='lat' dir='ltr'><strong>tres</strong></span> <span class='ocrx_word' id='word_1_121' title='bbox 1120 1693 1186 1756; x_wconf 85' lang='lat' dir='ltr'><strong>exi·</strong></span> <span class='ocrx_word' id='word_1_122' title='bbox 1306 1693 1409 1758; x_wconf 74' lang='lat' dir='ltr'><strong>Numi</strong></span> <span class='ocrx_word' id='word_1_123' title='bbox 1428 1697 1542 1759; x_wconf 79' lang='lat' dir='ltr'><strong>aenei:</strong></span> 
     </span>
    </p>
   </div>
   <div class='ocr_carea' id='block_1_5' title="bbox 442 1794 1963 2590">
    <p class='ocr_par' dir='ltr' id='par_1_6' title="bbox 442 1794 1963 2590">
     <span class='ocr_line' id='line_1_13' title="bbox 444 1794 1962 1877; baseline -0.005 -13"><span class='ocrx_word' id='word_1_124' title='bbox 444 1815 667 1874; x_wconf 66' lang='lat' dir='ltr'><strong>ueteaoreoa</strong></span> <span class='ocrx_word' id='word_1_125' title='bbox 691 1798 785 1860; x_wconf 83' lang='lat' dir='ltr'><strong>anius</strong></span> <span class='ocrx_word' id='word_1_126' title='bbox 803 1797 925 1873; x_wconf 80' lang='lat' dir='ltr'><strong>Getae,</strong></span> <span class='ocrx_word' id='word_1_127' title='bbox 947 1816 1021 1858; x_wconf 88' lang='lat' dir='ltr'><strong>cum</strong></span> <span class='ocrx_word' id='word_1_128' title='bbox 1042 1815 1085 1858; x_wconf 90' lang='lat' dir='ltr'><strong>ne</strong></span> <span class='ocrx_word' id='word_1_129' title='bbox 1103 1818 1185 1858; x_wconf 83' lang='lat' dir='ltr'><strong>anua</strong></span> <span class='ocrx_word' id='word_1_130' title='bbox 1305 1801 1342 1858; x_wconf 90' lang='lat' dir='ltr'><strong>ln</strong></span> <span class='ocrx_word' id='word_1_131' title='bbox 1364 1799 1415 1860; x_wconf 86' lang='lat' dir='ltr'><strong>hia</strong></span> <span class='ocrx_word' id='word_1_132' title='bbox 1434 1797 1541 1860; x_wconf 79' lang='lat' dir='ltr'><strong>variae</strong></span> <span class='ocrx_word' id='word_1_133' title='bbox 1563 1794 1640 1858; x_wconf 87' lang='lat' dir='ltr'><strong>illae</strong></span> <span class='ocrx_word' id='word_1_134' title='bbox 1662 1794 1884 1877; x_wconf 72' lang='lat' dir='ltr'><strong>inscriptiones</strong></span> <span class='ocrx_word' id='word_1_135' title='bbox 1899 1815 1962 1858; x_wconf 91' lang='lat' dir='ltr'><strong>con-</strong></span> 
     </span>
     <span class='ocr_line' id='line_1_14' title="bbox 443 1897 1961 1986; baseline -0.004 -22"><span class='ocrx_word' id='word_1_136' title='bbox 443 1901 576 1986; x_wconf 87' lang='lat' dir='ltr'><strong>quidcm</strong></span> <span class='ocrx_word' id='word_1_137' title='bbox 601 1921 642 1963; x_wconf 83' lang='lat' dir='ltr'><strong>ex</strong></span> <span class='ocrx_word' id='word_1_138' title='bbox 665 1902 728 1974; x_wconf 88' lang='lat' dir='ltr'><strong>hoc</strong></span> <span class='ocrx_word' id='word_1_139' title='bbox 751 1899 885 1962; x_wconf 84' lang='lat' dir='ltr'><strong>metallo</strong></span> <span class='ocrx_word' id='word_1_140' title='bbox 909 1912 1042 1981; x_wconf 78' lang='lat' dir='ltr'><strong>cuperet</strong></span> <span class='ocrx_word' id='word_1_141' title='bbox 1059 1898 1186 1985; x_wconf 82' lang='lat' dir='ltr'><strong>Severi,</strong></span> <span class='ocrx_word' id='word_1_142' title='bbox 1244 1901 1386 1976; x_wconf 87' lang='lat' dir='ltr'><strong>solatus,</strong></span> <span class='ocrx_word' id='word_1_143' title='bbox 1414 1897 1491 1962; x_wconf 85' lang='lat' dir='ltr'><strong>trib.</strong></span> <span class='ocrx_word' id='word_1_144' title='bbox 1514 1897 1709 1980; x_wconf 70' lang='lat' dir='ltr'><strong>potestatur,</strong></span> <span class='ocrx_word' id='word_1_145' title='bbox 1731 1899 1804 1960; x_wconf 85' lang='lat' dir='ltr'><strong>anni</strong></span> <span class='ocrx_word' id='word_1_146' title='bbox 1823 1897 1898 1960; x_wconf 82' lang='lat' dir='ltr'><strong>tucri</strong></span> <span class='ocrx_word' id='word_1_147' title='bbox 1917 1898 1961 1960; x_wconf 85' lang='lat' dir='ltr'><strong>ria</strong></span> 
     </span>
     <span class='ocr_line' id='line_1_15' title="bbox 442 1997 1961 2083; baseline -0.004 -17"><span class='ocrx_word' id='word_1_148' title='bbox 442 2007 616 2077; x_wconf 87' lang='lat' dir='ltr'><strong>Domnaa,</strong></span> <span class='ocrx_word' id='word_1_149' title='bbox 645 2001 852 2076; x_wconf 77' lang='lat' dir='ltr'><strong>caracallae,</strong></span> <span class='ocrx_word' id='word_1_150' title='bbox 887 2014 922 2064; x_wconf 83' lang='lat' dir='ltr'><strong>et</strong></span> <span class='ocrx_word' id='word_1_151' title='bbox 955 2001 1081 2064; x_wconf 85' lang='lat' dir='ltr'><strong>nullum</strong></span> <span class='ocrx_word' id='word_1_152' title='bbox 1114 2001 1185 2083; x_wconf 79' lang='lat' dir='ltr'><strong>ipae</strong></span> <span class='ocrx_word' id='word_1_153' title='bbox 1243 2014 1430 2068; x_wconf 87' lang='lat' dir='ltr'><strong>occurrunt.</strong></span> <span class='ocrx_word' id='word_1_154' title='bbox 1459 2001 1598 2062; x_wconf 75' lang='lat' dir='ltr'><strong>Notatur</strong></span> <span class='ocrx_word' id='word_1_155' title='bbox 1617 1999 1651 2058; x_wconf 91' lang='lat' dir='ltr'><strong>in</strong></span> <span class='ocrx_word' id='word_1_156' title='bbox 1674 1997 1726 2059; x_wconf 88' lang='lat' dir='ltr'><strong>hia</strong></span> <span class='ocrx_word' id='word_1_157' title='bbox 1745 1997 1961 2072; x_wconf 74' lang='lat' dir='ltr'><strong>urbicariam,</strong></span> 
     </span>
     <span class='ocr_line' id='line_1_16' title="bbox 443 2087 1845 2184; baseline -0.001 -18"><span class='ocrx_word' id='word_1_158' title='bbox 443 2107 543 2170; x_wconf 90' lang='lat' dir='ltr'><strong>alium</strong></span> <span class='ocrx_word' id='word_1_159' title='bbox 567 2103 698 2168; x_wconf 78' lang='lat' dir='ltr'><strong>noterit</strong></span> <span class='ocrx_word' id='word_1_160' title='bbox 723 2122 857 2164; x_wconf 87' lang='lat' dir='ltr'><strong>aureum</strong></span> <span class='ocrx_word' id='word_1_161' title='bbox 886 2102 1131 2184; x_wconf 84' lang='lat' dir='ltr'><strong>imperatorium</strong></span> <span class='ocrx_word' id='word_1_162' title='bbox 1152 2103 1186 2164; x_wconf 91' lang='lat' dir='ltr'><strong>in</strong></span> <span class='ocrx_word' id='word_1_163' title='bbox 1242 2087 1278 2169; x_wconf 47' lang='lat' dir='ltr'><strong>c&#39;t</strong></span> <span class='ocrx_word' id='word_1_164' title='bbox 1303 2125 1405 2166; x_wconf 82' lang='lat' dir='ltr'><strong>anuos</strong></span> <span class='ocrx_word' id='word_1_165' title='bbox 1427 2101 1559 2184; x_wconf 86' lang='lat' dir='ltr'><strong>imperii</strong></span> <span class='ocrx_word' id='word_1_166' title='bbox 1579 2119 1655 2164; x_wconf 90' lang='lat' dir='ltr'><strong>raro</strong></span> <span class='ocrx_word' id='word_1_167' title='bbox 1677 2101 1845 2164; x_wconf 75' lang='lat' dir='ltr'><strong>omittitur.</strong></span> 
     </span>
     <span class='ocr_line' id='line_1_17' title="bbox 445 2203 1963 2292; baseline -0.003 -22"><span class='ocrx_word' id='word_1_168' title='bbox 445 2207 594 2292; x_wconf 86' lang='lat' dir='ltr'><strong>quapiam</strong></span> <span class='ocrx_word' id='word_1_169' title='bbox 637 2205 718 2266; x_wconf 88' lang='lat' dir='ltr'><strong>urba</strong></span> <span class='ocrx_word' id='word_1_170' title='bbox 755 2203 881 2266; x_wconf 86' lang='lat' dir='ltr'><strong>Graeca</strong></span> <span class='ocrx_word' id='word_1_171' title='bbox 901 2203 1084 2285; x_wconf 77' lang='lat' dir='ltr'><strong>¹aignatom.</strong></span> <span class='ocrx_word' id='word_1_172' title='bbox 1134 2207 1187 2266; x_wconf 82' lang='lat' dir='ltr'><strong>An</strong></span> <span class='ocrx_word' id='word_1_173' title='bbox 1305 2207 1366 2267; x_wconf 83' lang='lat' dir='ltr'><strong>Eat</strong></span> <span class='ocrx_word' id='word_1_174' title='bbox 1388 2204 1422 2264; x_wconf 92' lang='lat' dir='ltr'><strong>in</strong></span> <span class='ocrx_word' id='word_1_175' title='bbox 1446 2223 1559 2265; x_wconf 82' lang='lat' dir='ltr'><strong>munao</strong></span> <span class='ocrx_word' id='word_1_176' title='bbox 1584 2203 1749 2266; x_wconf 76' lang='lat' dir='ltr'><strong>Caesareo</strong></span> <span class='ocrx_word' id='word_1_177' title='bbox 1778 2223 1890 2266; x_wconf 75' lang='lat' dir='ltr'><strong>uenena</strong></span> <span class='ocrx_word' id='word_1_178' title='bbox 1909 2205 1963 2266; x_wconf 83' lang='lat' dir='ltr'><strong>Ha·</strong></span> 
     </span>
     <span class='ocr_line' id='line_1_18' title="bbox 443 2303 1962 2389; baseline -0.004 -19"><span class='ocrx_word' id='word_1_179' title='bbox 443 2311 527 2372; x_wconf 83' lang='lat' dir='ltr'><strong>haec</strong></span> <span class='ocrx_word' id='word_1_180' title='bbox 567 2320 632 2368; x_wconf 89' lang='lat' dir='ltr'><strong>tam</strong></span> <span class='ocrx_word' id='word_1_181' title='bbox 665 2306 842 2389; x_wconf 73' lang='lat' dir='ltr'><strong>singularia</strong></span> <span class='ocrx_word' id='word_1_182' title='bbox 876 2304 1051 2371; x_wconf 75' lang='lat' dir='ltr'><strong>advertere</strong></span> <span class='ocrx_word' id='word_1_183' title='bbox 1079 2307 1186 2373; x_wconf 80' lang='lat' dir='ltr'><strong>viram</strong></span> <span class='ocrx_word' id='word_1_184' title='bbox 1242 2305 1348 2368; x_wconf 82' lang='lat' dir='ltr'><strong>riniani</strong></span> <span class='ocrx_word' id='word_1_185' title='bbox 1385 2305 1536 2387; x_wconf 85' lang='lat' dir='ltr'><strong>utrinque</strong></span> <span class='ocrx_word' id='word_1_186' title='bbox 1567 2303 1686 2366; x_wconf 86' lang='lat' dir='ltr'><strong>Latina</strong></span> <span class='ocrx_word' id='word_1_187' title='bbox 1728 2305 1912 2387; x_wconf 80' lang='lat' dir='ltr'><strong>inscriptus,</strong></span> <span class='ocrx_word' id='word_1_188' title='bbox 1935 2305 1962 2364; x_wconf 90' lang='lat' dir='ltr'><strong>in</strong></span> 
     </span>
     <span class='ocr_line' id='line_1_19' title="bbox 445 2405 1961 2492; baseline -0.005 -19"><span class='ocrx_word' id='word_1_189' title='bbox 445 2409 609 2474; x_wconf 85' lang='lat' dir='ltr'><strong>eruditum</strong></span> <span class='ocrx_word' id='word_1_190' title='bbox 625 2427 691 2469; x_wconf 91' lang='lat' dir='ltr'><strong>non</strong></span> <span class='ocrx_word' id='word_1_191' title='bbox 713 2407 918 2472; x_wconf 78' lang='lat' dir='ltr'><strong>debuerant?</strong></span> <span class='ocrx_word' id='word_1_192' title='bbox 1238 2409 1333 2492; x_wconf 81' lang='lat' dir='ltr'><strong>cujus</strong></span> <span class='ocrx_word' id='word_1_193' title='bbox 1351 2424 1480 2470; x_wconf 82' lang='lat' dir='ltr'><strong>aversa:</strong></span> <span class='ocrx_word' id='word_1_194' title='bbox 1504 2405 1599 2468; x_wconf 85' lang='lat' dir='ltr'><strong>COS.</strong></span> <span class='ocrx_word' id='word_1_195' title='bbox 1616 2407 1675 2470; x_wconf 90' lang='lat'>111.</span> <span class='ocrx_word' id='word_1_196' title='bbox 1696 2407 1798 2468; x_wconf 84' lang='lat' dir='ltr'><strong>Mons</strong></span> <span class='ocrx_word' id='word_1_197' title='bbox 1816 2407 1961 2488; x_wconf 80' lang='lat' dir='ltr'><strong>Argaeus.</strong></span> 
     </span>
     <span class='ocr_line' id='line_1_20' title="bbox 504 2506 1961 2590; baseline -0.005 -15"><span class='ocrx_word' id='word_1_198' title='bbox 504 2511 610 2576; x_wconf 70' lang='lat' dir='ltr'><strong>durni·</strong></span> <span class='ocrx_word' id='word_1_199' title='bbox 627 2515 797 2588; x_wconf 78' lang='lat' dir='ltr'><strong>argentei:</strong></span> <span class='ocrx_word' id='word_1_200' title='bbox 1242 2511 1306 2572; x_wconf 86' lang='lat' dir='ltr'><strong>Hic</strong></span> <span class='ocrx_word' id='word_1_201' title='bbox 1332 2529 1448 2570; x_wconf 80' lang='lat' dir='ltr'><strong>numae</strong></span> <span class='ocrx_word' id='word_1_202' title='bbox 1472 2520 1565 2570; x_wconf 84' lang='lat' dir='ltr'><strong>certe</strong></span> <span class='ocrx_word' id='word_1_203' title='bbox 1585 2521 1683 2570; x_wconf 79' lang='lat' dir='ltr'><strong>extra</strong></span> <span class='ocrx_word' id='word_1_204' title='bbox 1706 2506 1821 2570; x_wconf 86' lang='lat' dir='ltr'><strong>urbem</strong></span> <span class='ocrx_word' id='word_1_205' title='bbox 1840 2507 1961 2590; x_wconf 71' lang='lat' dir='ltr'><strong>signatur</strong></span> 
     </span>
    </p>
   </div>
   <div class='ocr_carea' id='block_1_6' title="bbox 442 2609 1186 2996">
    <p class='ocr_par' dir='ltr' id='par_1_7' title="bbox 442 2609 1186 2880">
     <span class='ocr_line' id='line_1_21' title="bbox 506 2609 1185 2694; baseline 0.001 -22"><span class='ocrx_word' id='word_1_206' title='bbox 506 2612 551 2672; x_wconf 86' lang='lat' dir='ltr'><strong>Hi</strong></span> <span class='ocrx_word' id='word_1_207' title='bbox 577 2609 704 2692; x_wconf 75' lang='lat' dir='ltr'><strong>copiosi</strong></span> <span class='ocrx_word' id='word_1_208' title='bbox 716 2632 745 2672; x_wconf 83' lang='lat' dir='ltr'><strong>a</strong></span> <span class='ocrx_word' id='word_1_209' title='bbox 763 2609 900 2670; x_wconf 80' lang='lat' dir='ltr'><strong>Tiberio</strong></span> <span class='ocrx_word' id='word_1_210' title='bbox 924 2629 1028 2694; x_wconf 83' lang='lat' dir='ltr'><strong>utque</strong></span> <span class='ocrx_word' id='word_1_211' title='bbox 1045 2609 1087 2672; x_wconf 88' lang='lat' dir='ltr'><strong>ad</strong></span> <span class='ocrx_word' id='word_1_212' title='bbox 1099 2609 1185 2673; x_wconf 87' lang='lat' dir='ltr'><strong>Gor·</strong></span> 
     </span>
     <span class='ocr_line' id='line_1_22' title="bbox 444 2709 1186 2794; baseline -0.001 -20"><span class='ocrx_word' id='word_1_213' title='bbox 444 2714 587 2776; x_wconf 85' lang='lat' dir='ltr'><strong>diacum.</strong></span> <span class='ocrx_word' id='word_1_214' title='bbox 621 2715 657 2772; x_wconf 92' lang='lat' dir='ltr'><strong>ln</strong></span> <span class='ocrx_word' id='word_1_215' title='bbox 679 2710 731 2772; x_wconf 82' lang='lat' dir='ltr'><strong>his</strong></span> <span class='ocrx_word' id='word_1_216' title='bbox 754 2725 930 2792; x_wconf 73' lang='lat' dir='ltr'><strong>aequantes</strong></span> <span class='ocrx_word' id='word_1_217' title='bbox 953 2712 1046 2794; x_wconf 74' lang='lat' dir='ltr'><strong>leger</strong></span> <span class='ocrx_word' id='word_1_218' title='bbox 1074 2709 1186 2776; x_wconf 79' lang='lat' dir='ltr'><strong>obaer-</strong></span> 
     </span>
     <span class='ocr_line' id='line_1_23' title="bbox 442 2829 576 2880; baseline -0.052 0"><span class='ocrx_word' id='word_1_219' title='bbox 442 2829 576 2880; x_wconf 78' lang='lat' dir='ltr'><strong>vantur:</strong></span> 
     </span>
    </p>

    <p class='ocr_par' dir='ltr' id='par_1_8' title="bbox 506 2912 1184 2996">
     <span class='ocr_line' id='line_1_24' title="bbox 506 2912 1184 2996; baseline 0.003 -20"><span class='ocrx_word' id='word_1_220' title='bbox 506 2917 536 2976; x_wconf 78' lang='lat' dir='ltr'>A</span> <span class='ocrx_word' id='word_1_221' title='bbox 554 2913 690 2976; x_wconf 85' lang='lat' dir='ltr'><strong>Tiberio</strong></span> <span class='ocrx_word' id='word_1_222' title='bbox 706 2933 808 2996; x_wconf 79' lang='lat' dir='ltr'><strong>unque</strong></span> <span class='ocrx_word' id='word_1_223' title='bbox 824 2912 865 2976; x_wconf 88' lang='lat' dir='ltr'><strong>ad</strong></span> <span class='ocrx_word' id='word_1_224' title='bbox 883 2914 923 2976; x_wconf 87' lang='lat' dir='ltr'><strong>L.</strong></span> <span class='ocrx_word' id='word_1_225' title='bbox 942 2915 1066 2982; x_wconf 85' lang='lat' dir='ltr'><strong>Verum</strong></span> <span class='ocrx_word' id='word_1_226' title='bbox 1088 2916 1184 2980; x_wconf 86' lang='lat' dir='ltr'><strong>airnal</strong></span> 
     </span>
    </p>
   </div>
   <div class='ocr_carea' id='block_1_7' title="bbox 445 3015 1244 3100">
    <p class='ocr_par' dir='ltr' id='par_1_9' title="bbox 445 3015 1244 3100">
     <span class='ocr_line' id='line_1_25' title="bbox 445 3015 1244 3100; baseline 0.001 -21"><span class='ocrx_word' id='word_1_227' title='bbox 445 3031 608 3100; x_wconf 79' lang='lat' dir='ltr'><strong>cumptum</strong></span> <span class='ocrx_word' id='word_1_228' title='bbox 633 3015 724 3076; x_wconf 85' lang='lat' dir='ltr'><strong>urbia</strong></span> <span class='ocrx_word' id='word_1_229' title='bbox 752 3036 874 3078; x_wconf 89' lang='lat' dir='ltr'><strong>nornen</strong></span> <span class='ocrx_word' id='word_1_230' title='bbox 898 3036 964 3078; x_wconf 90' lang='lat' dir='ltr'><strong>non</strong></span> <span class='ocrx_word' id='word_1_231' title='bbox 987 3017 1184 3094; x_wconf 70' lang='lat' dir='ltr'><strong>inscribitur,</strong></span> <span class='ocrx_word' id='word_1_232' title='bbox 1237 3051 1244 3067; x_wconf 70' lang='grc' dir='ltr'>ι</span> 
     </span>
    </p>
   </div>
   <div class='ocr_carea' id='block_1_8' title="bbox 444 3115 1184 3403">
    <p class='ocr_par' dir='ltr' id='par_1_10' title="bbox 444 3115 1184 3403">
     <span class='ocr_line' id='line_1_26' title="bbox 444 3115 1184 3203; baseline 0 -23"><span class='ocrx_word' id='word_1_233' title='bbox 444 3131 578 3202; x_wconf 83' lang='lat' dir='ltr'><strong>apparet</strong></span> <span class='ocrx_word' id='word_1_234' title='bbox 602 3131 710 3180; x_wconf 82' lang='lat' dir='ltr'><strong>tamen</strong></span> <span class='ocrx_word' id='word_1_235' title='bbox 729 3138 769 3179; x_wconf 84' lang='lat' dir='ltr'><strong>ex</strong></span> <span class='ocrx_word' id='word_1_236' title='bbox 790 3115 868 3200; x_wconf 83' lang='lat' dir='ltr'><strong>ty&#39;po</strong></span> <span class='ocrx_word' id='word_1_237' title='bbox 885 3119 1025 3203; x_wconf 78' lang='lat' dir='ltr'><strong>Argaei,</strong></span> <span class='ocrx_word' id='word_1_238' title='bbox 1046 3119 1107 3182; x_wconf 86' lang='lat' dir='ltr'><strong>hoa</strong></span> <span class='ocrx_word' id='word_1_239' title='bbox 1127 3141 1184 3181; x_wconf 89' lang='lat' dir='ltr'><strong>na·</strong></span> 
     </span>
     <span class='ocr_line' id='line_1_27' title="bbox 444 3219 794 3302; baseline 0 -20"><span class='ocrx_word' id='word_1_240' title='bbox 444 3239 515 3284; x_wconf 83' lang='lat' dir='ltr'><strong>moa</strong></span> <span class='ocrx_word' id='word_1_241' title='bbox 534 3221 597 3282; x_wconf 88' lang='lat' dir='ltr'><strong>huc</strong></span> <span class='ocrx_word' id='word_1_242' title='bbox 615 3219 794 3302; x_wconf 82' lang='lat' dir='ltr'><strong>pertinere.</strong></span> 
     </span>
     <span class='ocr_line' id='line_1_28' title="bbox 506 3319 966 3403; baseline 0 -21"><span class='ocrx_word' id='word_1_243' title='bbox 506 3321 739 3403; x_wconf 84' lang='lat' dir='ltr'><strong>lnacriptionca</strong></span> <span class='ocrx_word' id='word_1_244' title='bbox 758 3319 792 3380; x_wconf 92' lang='lat' dir='ltr'><strong>in</strong></span> <span class='ocrx_word' id='word_1_245' title='bbox 809 3319 859 3382; x_wconf 79' lang='lat' dir='ltr'><strong>hia</strong></span> <span class='ocrx_word' id='word_1_246' title='bbox 876 3333 966 3386; x_wconf 83' lang='lat' dir='ltr'><strong>aunt:</strong></span> 
     </span>
    </p>
   </div>
   <div class='ocr_carea' id='block_1_9' title="bbox 363 3419 1187 4523">
    <p class='ocr_par' dir='ltr' id='par_1_11' title="bbox 392 3419 1187 3814">
     <span class='ocr_line' id='line_1_29' title="bbox 508 3419 1184 3490; baseline 0.003 -4"><span class='ocrx_word' id='word_1_247' title='bbox 508 3419 711 3486; x_wconf 80' lang='lat' dir='ltr'><strong>THATOC.</strong></span> <span class='ocrx_word' id='word_1_248' title='bbox 734 3421 843 3484; x_wconf 87' lang='lat' dir='ltr'><strong>addito</strong></span> <span class='ocrx_word' id='word_1_249' title='bbox 858 3441 996 3486; x_wconf 85' lang='lat' dir='ltr'><strong>numero</strong></span> <span class='ocrx_word' id='word_1_250' title='bbox 1012 3419 1049 3484; x_wconf 92' lang='grc' dir='ltr'><strong>Β.</strong></span> <span class='ocrx_word' id='word_1_251' title='bbox 1061 3421 1103 3490; x_wconf 88' lang='grc' dir='ltr'><strong>Γ.</strong></span> <span class='ocrx_word' id='word_1_252' title='bbox 1120 3438 1184 3488; x_wconf 83' lang='lat' dir='ltr'><strong>etc.</strong></span> 
     </span>
     <span class='ocr_line' id='line_1_30' title="bbox 445 3518 1187 3610; baseline -0.005 -20"><span class='ocrx_word' id='word_1_253' title='bbox 445 3523 620 3610; x_wconf 73' lang='lat' dir='ltr'><strong>singulare</strong></span> <span class='ocrx_word' id='word_1_254' title='bbox 652 3536 727 3586; x_wconf 79' lang='lat' dir='ltr'><strong>eat:</strong></span> <span class='ocrx_word' id='word_1_255' title='bbox 768 3518 975 3587; x_wconf 84' lang='grc' dir='ltr'><strong>ΤΠΑΤΟΤ.</strong></span> <span class='ocrx_word' id='word_1_256' title='bbox 1015 3521 1187 3586; x_wconf 61' lang='lat' dir='ltr'><strong>TGTAPa</strong></span> 
     </span>
     <span class='ocr_line' id='line_1_31' title="bbox 444 3623 1183 3710; baseline 0.003 -22"><span class='ocrx_word' id='word_1_257' title='bbox 444 3623 549 3692; x_wconf 85' lang='lat' dir='ltr'><strong>TOT.</strong></span> <span class='ocrx_word' id='word_1_258' title='bbox 571 3627 604 3686; x_wconf 91' lang='lat' dir='ltr'><strong>in</strong></span> <span class='ocrx_word' id='word_1_259' title='bbox 621 3645 719 3686; x_wconf 88' lang='lat' dir='ltr'><strong>numo</strong></span> <span class='ocrx_word' id='word_1_260' title='bbox 735 3625 881 3700; x_wconf 85' lang='lat' dir='ltr'><strong>Nervae,</strong></span> <span class='ocrx_word' id='word_1_261' title='bbox 900 3626 999 3706; x_wconf 77' lang='lat' dir='ltr'><strong>(Mus.</strong></span> <span class='ocrx_word' id='word_1_262' title='bbox 1017 3627 1124 3710; x_wconf 86' lang='lat' dir='ltr'><strong>Gaea.)</strong></span> <span class='ocrx_word' id='word_1_263' title='bbox 1142 3627 1183 3690; x_wconf 89' lang='lat' dir='ltr'><strong>dc</strong></span> 
     </span>
     <span class='ocr_line' id='line_1_32' title="bbox 392 3725 1008 3814; baseline 0.003 -24"><span class='ocrx_word' id='word_1_264' title='bbox 392 3731 396 3738; x_wconf 86' lang='grc'><strong>’</strong></span> <span class='ocrx_word' id='word_1_265' title='bbox 445 3727 618 3812; x_wconf 74' lang='lat' dir='ltr'><strong>quotide,</strong></span> <span class='ocrx_word' id='word_1_266' title='bbox 641 3747 723 3814; x_wconf 84' lang='lat' dir='ltr'><strong>quae</strong></span> <span class='ocrx_word' id='word_1_267' title='bbox 748 3725 825 3790; x_wconf 89' lang='lat' dir='ltr'><strong>alibi</strong></span> <span class='ocrx_word' id='word_1_268' title='bbox 843 3727 953 3790; x_wconf 82' lang='lat' dir='ltr'><strong>notavi</strong></span> <span class='ocrx_word' id='word_1_269' title='bbox 968 3729 1008 3811; x_wconf 79' lang='lat'><strong>¹).</strong></span> 
     </span>
    </p>

    <p class='ocr_par' dir='ltr' id='par_1_12' title="bbox 363 3825 1187 4096">
     <span class='ocr_line' id='line_1_33' title="bbox 363 3825 1187 3912; baseline -0.002 -20"><span class='ocrx_word' id='word_1_270' title='bbox 363 3895 368 3907; x_wconf 54' lang='grc'>,</span> <span class='ocrx_word' id='word_1_271' title='bbox 508 3825 722 3893; x_wconf 82' lang='grc' dir='ltr'><strong>ΔΗΜΑΡΧ.</strong></span> <span class='ocrx_word' id='word_1_272' title='bbox 745 3825 809 3892; x_wconf 82' lang='grc' dir='ltr'><strong>ΕΞ.</strong></span> <span class='ocrx_word' id='word_1_273' title='bbox 841 3832 1013 3911; x_wconf 81' lang='lat' dir='ltr'><strong>(numerata</strong></span> <span class='ocrx_word' id='word_1_274' title='bbox 1034 3831 1110 3894; x_wconf 76' lang='lat' dir='ltr'><strong>trit.</strong></span> <span class='ocrx_word' id='word_1_275' title='bbox 1129 3852 1187 3912; x_wconf 84' lang='lat' dir='ltr'><strong>po·</strong></span> 
     </span>
     <span class='ocr_line' id='line_1_34' title="bbox 444 3927 1184 4012; baseline 0.008 -22"><span class='ocrx_word' id='word_1_276' title='bbox 444 3933 578 3992; x_wconf 84' lang='lat' dir='ltr'><strong>testatis</strong></span> <span class='ocrx_word' id='word_1_277' title='bbox 607 3951 673 3992; x_wconf 89' lang='lat' dir='ltr'><strong>non</strong></span> <span class='ocrx_word' id='word_1_278' title='bbox 697 3929 842 4012; x_wconf 83' lang='lat' dir='ltr'><strong>additur)</strong></span> <span class='ocrx_word' id='word_1_279' title='bbox 870 3927 1047 3998; x_wconf 84' lang='grc' dir='ltr'><strong>ΤΙΙΑΤΟ.</strong></span> <span class='ocrx_word' id='word_1_280' title='bbox 1074 3931 1184 3996; x_wconf 90' lang='lat' dir='ltr'><strong>addito</strong></span> 
     </span>
     <span class='ocr_line' id='line_1_35' title="bbox 446 4033 798 4096; baseline 0.011 -6"><span class='ocrx_word' id='word_1_281' title='bbox 446 4049 584 4092; x_wconf 84' lang='lat' dir='ltr'><strong>numero</strong></span> <span class='ocrx_word' id='word_1_282' title='bbox 603 4033 798 4096; x_wconf 76' lang='lat' dir='ltr'><strong>consulatur.</strong></span> 
     </span>
    </p>

    <p class='ocr_par' dir='ltr' id='par_1_13' title="bbox 445 4128 1185 4326">
     <span class='ocr_line' id='line_1_36' title="bbox 508 4128 1185 4218; baseline 0.006 -27"><span class='ocrx_word' id='word_1_283' title='bbox 508 4128 668 4195; x_wconf 81' lang='lat' dir='ltr'>GTOTC.</span> <span class='ocrx_word' id='word_1_284' title='bbox 699 4129 848 4200; x_wconf 82' lang='grc' dir='ltr'><strong>ΙΕΡΟΤ.</strong></span> <span class='ocrx_word' id='word_1_285' title='bbox 877 4135 915 4196; x_wconf 87' lang='lat' dir='ltr'><strong>in</strong></span> <span class='ocrx_word' id='word_1_286' title='bbox 937 4155 1037 4198; x_wconf 87' lang='lat' dir='ltr'><strong>namo</strong></span> <span class='ocrx_word' id='word_1_287' title='bbox 1062 4135 1185 4218; x_wconf 85' lang='lat' dir='ltr'><strong>Veapa·</strong></span> 
     </span>
     <span class='ocr_line' id='line_1_37' title="bbox 445 4232 690 4326; baseline -0.016 -28"><span class='ocrx_word' id='word_1_288' title='bbox 445 4232 536 4299; x_wconf 67' lang='lat' dir='ltr'><strong>niani.</strong></span> <span class='ocrx_word' id='word_1_289' title='bbox 558 4233 690 4326; x_wconf 73' lang='lat' dir='ltr'><strong>(Vaill.)</strong></span> 
     </span>
    </p>

    <p class='ocr_par' dir='ltr' id='par_1_14' title="bbox 446 4333 1186 4523">
     <span class='ocr_line' id='line_1_38' title="bbox 507 4333 1183 4415; baseline 0.009 -20"><span class='ocrx_word' id='word_1_290' title='bbox 507 4334 596 4396; x_wconf 79' lang='lat' dir='ltr'><strong>Anni</strong></span> <span class='ocrx_word' id='word_1_291' title='bbox 616 4333 747 4415; x_wconf 87' lang='lat' dir='ltr'><strong>imperii</strong></span> <span class='ocrx_word' id='word_1_292' title='bbox 769 4333 803 4396; x_wconf 89' lang='lat' dir='ltr'><strong>in</strong></span> <span class='ocrx_word' id='word_1_293' title='bbox 823 4334 875 4398; x_wconf 87' lang='lat' dir='ltr'><strong>hia</strong></span> <span class='ocrx_word' id='word_1_294' title='bbox 895 4337 1001 4400; x_wconf 77' lang='lat' dir='ltr'><strong>rarior</strong></span> <span class='ocrx_word' id='word_1_295' title='bbox 1021 4350 1183 4414; x_wconf 77' lang='lat' dir='ltr'><strong>notantur,</strong></span> 
     </span>
     <span class='ocr_line' id='line_1_39' title="bbox 446 4435 1186 4523; baseline 0.001 -22"><span class='ocrx_word' id='word_1_296' title='bbox 446 4437 534 4521; x_wconf 82' lang='lat' dir='ltr'><strong>qnod</strong></span> <span class='ocrx_word' id='word_1_297' title='bbox 557 4439 592 4500; x_wconf 90' lang='lat' dir='ltr'><strong>in</strong></span> <span class='ocrx_word' id='word_1_298' title='bbox 620 4439 731 4500; x_wconf 77' lang='lat' dir='ltr'><strong>aeneia</strong></span> <span class='ocrx_word' id='word_1_299' title='bbox 758 4435 819 4499; x_wconf 79' lang='lat' dir='ltr'><strong>tub</strong></span> <span class='ocrx_word' id='word_1_300' title='bbox 844 4435 960 4499; x_wconf 77' lang='lat' dir='ltr'><strong>iisdem</strong></span> <span class='ocrx_word' id='word_1_301' title='bbox 983 4439 1186 4523; x_wconf 83' lang='lat' dir='ltr'><strong>imperatori·</strong></span> 
     </span>
    </p>
   </div>
   <div class='ocr_carea' id='block_1_10' title="bbox 444 4529 1102 4626">
    <p class='ocr_par' dir='ltr' id='par_1_15' title="bbox 444 4529 1102 4626">
     <span class='ocr_line' id='line_1_40' title="bbox 444 4529 1102 4626; baseline 0 -24"><span class='ocrx_word' id='word_1_302' title='bbox 444 4541 506 4603; x_wconf 88' lang='lat' dir='ltr'><strong>baa</strong></span> <span class='ocrx_word' id='word_1_303' title='bbox 525 4539 643 4624; x_wconf 76' lang='lat' dir='ltr'><strong>partim</strong></span> <span class='ocrx_word' id='word_1_304' title='bbox 655 4539 715 4626; x_wconf 70' lang='lat' dir='ltr'><strong>iit,</strong></span> <span class='ocrx_word' id='word_1_305' title='bbox 734 4553 790 4604; x_wconf 80' lang='lat' dir='ltr'><strong>ott</strong></span> <span class='ocrx_word' id='word_1_306' title='bbox 812 4537 885 4604; x_wconf 87' lang='grc' dir='ltr'><strong>ΕΤ.</strong></span> <span class='ocrx_word' id='word_1_307' title='bbox 902 4529 963 4603; x_wconf 80' lang='grc' dir='ltr'><strong>ῘΑ.</strong></span> <span class='ocrx_word' id='word_1_308' title='bbox 1097 4595 1102 4602; x_wconf 95' lang='grc'><em>,</em></span> 
     </span>
    </p>
   </div>
   <div class='ocr_carea' id='block_1_11' title="bbox 481 4749 798 4828">
    <p class='ocr_par' dir='ltr' id='par_1_16' title="bbox 481 4749 798 4828">
     <span class='ocr_line' id='line_1_41' title="bbox 481 4749 798 4828; baseline 0.009 -25"><span class='ocrx_word' id='word_1_309' title='bbox 481 4753 512 4822; x_wconf 90' lang='lat' dir='ltr'><strong>a)</strong></span> <span class='ocrx_word' id='word_1_310' title='bbox 532 4749 651 4825; x_wconf 79' lang='lat' dir='ltr'><strong>Sylloge</strong></span> <span class='ocrx_word' id='word_1_311' title='bbox 670 4751 693 4811; x_wconf 90' lang='lat'><strong>1·</strong></span> <span class='ocrx_word' id='word_1_312' title='bbox 712 4761 798 4828; x_wconf 79' lang='lat' dir='ltr'><strong>p.55.</strong></span> 
     </span>
    </p>
   </div>
   <div class='ocr_carea' id='block_1_12' title="bbox 1243 2608 1963 2796">
    <p class='ocr_par' dir='ltr' id='par_1_17' title="bbox 1243 2608 1963 2796">
     <span class='ocr_line' id='line_1_42' title="bbox 1243 2608 1963 2692; baseline -0.006 -19"><span class='ocrx_word' id='word_1_313' title='bbox 1243 2623 1309 2687; x_wconf 85' lang='lat' dir='ltr'><strong>eat,</strong></span> <span class='ocrx_word' id='word_1_314' title='bbox 1320 2631 1406 2680; x_wconf 73' lang='lat' dir='ltr'><strong>,cum</strong></span> <span class='ocrx_word' id='word_1_315' title='bbox 1426 2629 1521 2672; x_wconf 81' lang='lat' dir='ltr'><strong>tecua</strong></span> <span class='ocrx_word' id='word_1_316' title='bbox 1536 2608 1669 2672; x_wconf 85' lang='lat' dir='ltr'><strong>aolitom</strong></span> <span class='ocrx_word' id='word_1_317' title='bbox 1688 2609 1724 2675; x_wconf 82' lang='lat' dir='ltr'><strong>S.</strong></span> <span class='ocrx_word' id='word_1_318' title='bbox 1740 2612 1778 2672; x_wconf 86' lang='lat' dir='ltr'><strong>C.</strong></span> <span class='ocrx_word' id='word_1_319' title='bbox 1794 2609 1963 2692; x_wconf 71' lang='lat' dir='ltr'><strong>inscriptum</strong></span> 
     </span>
     <span class='ocr_line' id='line_1_43' title="bbox 1243 2710 1963 2796; baseline -0.006 -22"><span class='ocrx_word' id='word_1_320' title='bbox 1243 2725 1352 2790; x_wconf 73' lang='lat' dir='ltr'><strong>caact3</strong></span> <span class='ocrx_word' id='word_1_321' title='bbox 1372 2710 1400 2772; x_wconf 86' lang='lat' dir='ltr'><strong>ai</strong></span> <span class='ocrx_word' id='word_1_322' title='bbox 1416 2731 1497 2794; x_wconf 87' lang='lat' dir='ltr'><strong>crgo</strong></span> <span class='ocrx_word' id='word_1_323' title='bbox 1515 2725 1607 2774; x_wconf 81' lang='lat' dir='ltr'><strong>extra</strong></span> <span class='ocrx_word' id='word_1_324' title='bbox 1623 2711 1760 2790; x_wconf 86' lang='lat' dir='ltr'><strong>arbem,</strong></span> <span class='ocrx_word' id='word_1_325' title='bbox 1774 2727 1901 2796; x_wconf 78' lang='lat' dir='ltr'><strong>proptor</strong></span> <span class='ocrx_word' id='word_1_326' title='bbox 1914 2715 1963 2771; x_wconf 79' lang='lat' dir='ltr'><strong>Ar·</strong></span> 
     </span>
    </p>
   </div>
   <div class='ocr_carea' id='block_1_13' title="bbox 1243 2812 1939 2898">
    <p class='ocr_par' dir='ltr' id='par_1_18' title="bbox 1243 2812 1939 2898">
     <span class='ocr_line' id='line_1_44' title="bbox 1243 2812 1939 2898; baseline -0.006 -20"><span class='ocrx_word' id='word_1_327' title='bbox 1243 2835 1359 2898; x_wconf 83' lang='lat' dir='ltr'><strong>gaeum</strong></span> <span class='ocrx_word' id='word_1_328' title='bbox 1375 2813 1446 2876; x_wconf 85' lang='lat' dir='ltr'><strong>aine</strong></span> <span class='ocrx_word' id='word_1_329' title='bbox 1466 2812 1566 2878; x_wconf 85' lang='lat' dir='ltr'><strong>dubio</strong></span> <span class='ocrx_word' id='word_1_330' title='bbox 1583 2827 1634 2876; x_wconf 84' lang='lat' dir='ltr'><strong>eat</strong></span> <span class='ocrx_word' id='word_1_331' title='bbox 1650 2813 1749 2896; x_wconf 75' lang='lat' dir='ltr'><strong>hujus</strong></span> <span class='ocrx_word' id='word_1_332' title='bbox 1764 2817 1939 2878; x_wconf 82' lang='lat' dir='ltr'><strong>Cacaareae.</strong></span> 
     </span>
    </p>
   </div>
   <div class='ocr_carea' id='block_1_14' title="bbox 1498 2916 1730 3001">
    <p class='ocr_par' dir='ltr' id='par_1_19' title="bbox 1498 2916 1730 3001">
     <span class='ocr_line' id='line_1_45' title="bbox 1605 2916 1624 2950; baseline 0 0"><span class='ocrx_word' id='word_1_333' title='bbox 1605 2916 1624 2950; x_wconf 69' lang='lat'>0</span> 
     </span>
     <span class='ocr_line' id='line_1_46' title="bbox 1498 2961 1730 3001; baseline 0.004 -1"><span class='ocrx_word' id='word_1_334' title='bbox 1498 2961 1518 3000; x_wconf 53' lang='grc' dir='ltr'><strong>ἒ</strong></span> <span class='ocrx_word' id='word_1_335' title='bbox 1710 2965 1730 3001; x_wconf 57' lang='lat' dir='ltr'>i</span> 
     </span>
    </p>
   </div>
   <div class='ocr_carea' id='block_1_15' title="bbox 1239 3017 1965 3305">
    <p class='ocr_par' dir='ltr' id='par_1_20' title="bbox 1239 3017 1965 3305">
     <span class='ocr_line' id='line_1_47' title="bbox 1307 3017 1574 3102; baseline 0.007 -23"><span class='ocrx_word' id='word_1_336' title='bbox 1307 3017 1405 3079; x_wconf 84' lang='lat' dir='ltr'><strong>Anni</strong></span> <span class='ocrx_word' id='word_1_337' title='bbox 1422 3020 1554 3102; x_wconf 79' lang='lat' dir='ltr'><strong>imperii</strong></span> <span class='ocrx_word' id='word_1_338' title='bbox 1561 3041 1574 3080; x_wconf 91' lang='lat'><strong>.·</strong></span> 
     </span>
     <span class='ocr_line' id='line_1_48' title="bbox 1305 3119 1965 3203; baseline 0.009 -25"><span class='ocrx_word' id='word_1_339' title='bbox 1305 3119 1342 3178; x_wconf 84' lang='lat' dir='ltr'><strong>ln</strong></span> <span class='ocrx_word' id='word_1_340' title='bbox 1369 3119 1418 3180; x_wconf 88' lang='lat' dir='ltr'><strong>hia</strong></span> <span class='ocrx_word' id='word_1_341' title='bbox 1439 3120 1548 3182; x_wconf 85' lang='lat' dir='ltr'><strong>numia</strong></span> <span class='ocrx_word' id='word_1_342' title='bbox 1576 3119 1694 3184; x_wconf 77' lang='lat' dir='ltr'><strong>radalo</strong></span> <span class='ocrx_word' id='word_1_343' title='bbox 1724 3121 1825 3186; x_wconf 81' lang='lat' dir='ltr'><strong>notati</strong></span> <span class='ocrx_word' id='word_1_344' title='bbox 1847 3129 1965 3203; x_wconf 78' lang='lat' dir='ltr'><strong>propter</strong></span> 
     </span>
     <span class='ocr_line' id='line_1_49' title="bbox 1239 3221 1965 3305; baseline -0.007 -20"><span class='ocrx_word' id='word_1_345' title='bbox 1239 3222 1509 3304; x_wconf 82' lang='lat' dir='ltr'><strong>chronologicam</strong></span> <span class='ocrx_word' id='word_1_346' title='bbox 1545 3225 1781 3305; x_wconf 86' lang='lat' dir='ltr'><strong>imperatorum</strong></span> <span class='ocrx_word' id='word_1_347' title='bbox 1817 3221 1965 3285; x_wconf 78' lang='lat' dir='ltr'><strong>historiam</strong></span> 
     </span>
    </p>
   </div>
   <div class='ocr_carea' id='block_1_16' title="bbox 1241 3320 2056 3391">
    <p class='ocr_par' dir='ltr' id='par_1_21' title="bbox 1241 3320 2056 3391">
     <span class='ocr_line' id='line_1_50' title="bbox 1241 3320 2056 3391; baseline 0.005 -4"><span class='ocrx_word' id='word_1_348' title='bbox 1241 3323 1446 3389; x_wconf 81' lang='lat' dir='ltr'><strong>observandi.</strong></span> <span class='ocrx_word' id='word_1_349' title='bbox 1492 3324 1684 3390; x_wconf 83' lang='lat' dir='ltr'><strong>Memorabo</strong></span> <span class='ocrx_word' id='word_1_350' title='bbox 1711 3327 1765 3390; x_wconf 88' lang='lat' dir='ltr'><strong>hic</strong></span> <span class='ocrx_word' id='word_1_351' title='bbox 1794 3343 1889 3388; x_wconf 80' lang='lat' dir='ltr'><strong>annor</strong></span> <span class='ocrx_word' id='word_1_352' title='bbox 1914 3320 1966 3382; x_wconf 84' lang='lat' dir='ltr'><strong>aio·</strong></span> <span class='ocrx_word' id='word_1_353' title='bbox 2055 3379 2056 3391; x_wconf 68' lang='grc'><strong>.</strong></span> 
     </span>
    </p>
   </div>
   <div class='ocr_carea' id='block_1_17' title="bbox 1240 3423 1969 4324">
    <p class='ocr_par' dir='ltr' id='par_1_22' title="bbox 1240 3423 1969 4324">
     <span class='ocr_line' id='line_1_51' title="bbox 1242 3423 1967 3514; baseline -0.011 -25"><span class='ocrx_word' id='word_1_354' title='bbox 1242 3427 1395 3510; x_wconf 86' lang='lat' dir='ltr'><strong>gaiorum</strong></span> <span class='ocrx_word' id='word_1_355' title='bbox 1425 3426 1682 3507; x_wconf 79' lang='lat' dir='ltr'><strong>imperatorum,</strong></span> <span class='ocrx_word' id='word_1_356' title='bbox 1715 3449 1797 3514; x_wconf 85' lang='lat' dir='ltr'><strong>quoa</strong></span> <span class='ocrx_word' id='word_1_357' title='bbox 1825 3427 1857 3488; x_wconf 89' lang='lat' dir='ltr'><strong>in</strong></span> <span class='ocrx_word' id='word_1_358' title='bbox 1884 3423 1967 3490; x_wconf 79' lang='lat' dir='ltr'><strong>teriia</strong></span> 
     </span>
     <span class='ocr_line' id='line_1_52' title="bbox 1241 3529 1558 3612; baseline -0.013 -18"><span class='ocrx_word' id='word_1_359' title='bbox 1241 3529 1396 3611; x_wconf 82' lang='lat' dir='ltr'><strong>catalogis</strong></span> <span class='ocrx_word' id='word_1_360' title='bbox 1420 3529 1558 3612; x_wconf 50' lang='lat' dir='ltr'><strong>reperic&#39;</strong></span> 
     </span>
     <span class='ocr_line' id='line_1_53' title="bbox 1308 3627 1744 3696; baseline 0.005 -4"><span class='ocrx_word' id='word_1_361' title='bbox 1308 3631 1461 3693; x_wconf 84' lang='lat' dir='ltr'><strong>Claudii:</strong></span> <span class='ocrx_word' id='word_1_362' title='bbox 1482 3627 1554 3694; x_wconf 85' lang='lat' dir='ltr'><strong>ET.</strong></span> <span class='ocrx_word' id='word_1_363' title='bbox 1569 3629 1614 3696; x_wconf 67' lang='grc' dir='ltr'><strong>Β.</strong></span> <span class='ocrx_word' id='word_1_364' title='bbox 1626 3631 1666 3695; x_wconf 89' lang='grc' dir='ltr'><strong>Ε.</strong></span> <span class='ocrx_word' id='word_1_365' title='bbox 1685 3629 1744 3695; x_wconf 83' lang='grc' dir='ltr'><strong>ΙΓ.</strong></span> 
     </span>
     <span class='ocr_line' id='line_1_54' title="bbox 1303 3723 1968 3810; baseline -0.012 -14"><span class='ocrx_word' id='word_1_366' title='bbox 1303 3731 1468 3796; x_wconf 78' lang='lat' dir='ltr'><strong>Neronia:</strong></span> <span class='ocrx_word' id='word_1_367' title='bbox 1498 3723 1571 3794; x_wconf 88' lang='grc' dir='ltr'><strong>ΕΤ.</strong></span> <span class='ocrx_word' id='word_1_368' title='bbox 1593 3733 1634 3796; x_wconf 86' lang='grc' dir='ltr'><strong>Ε.</strong></span> <span class='ocrx_word' id='word_1_369' title='bbox 1663 3726 1876 3794; x_wconf 80' lang='grc' dir='ltr'><strong>ΔΡΑΧΜΗ.</strong></span> <span class='ocrx_word' id='word_1_370' title='bbox 1897 3729 1968 3810; x_wconf 78' lang='lat' dir='ltr'><strong>(Mo-</strong></span> 
     </span>
     <span class='ocr_line' id='line_1_55' title="bbox 1242 3831 1969 3918; baseline -0.008 -22"><span class='ocrx_word' id='word_1_371' title='bbox 1242 3831 1319 3896; x_wconf 84' lang='lat' dir='ltr'><strong>relli</strong></span> <span class='ocrx_word' id='word_1_372' title='bbox 1341 3833 1436 3916; x_wconf 86' lang='lat' dir='ltr'><strong>Spcc.</strong></span> <span class='ocrx_word' id='word_1_373' title='bbox 1466 3855 1497 3916; x_wconf 85' lang='lat' dir='ltr'><strong>p.</strong></span> <span class='ocrx_word' id='word_1_374' title='bbox 1517 3835 1587 3916; x_wconf 79' lang='lat' dir='ltr'><strong>oq.)</strong></span> <span class='ocrx_word' id='word_1_375' title='bbox 1627 3835 1669 3898; x_wconf 82' lang='lat' dir='ltr'><strong>de</strong></span> <span class='ocrx_word' id='word_1_376' title='bbox 1692 3853 1759 3918; x_wconf 89' lang='lat' dir='ltr'><strong>qao</strong></span> <span class='ocrx_word' id='word_1_377' title='bbox 1782 3853 1877 3897; x_wconf 89' lang='lat' dir='ltr'><strong>nomo</strong></span> <span class='ocrx_word' id='word_1_378' title='bbox 1904 3849 1969 3892; x_wconf 84' lang='lat' dir='ltr'><strong>anor</strong></span> 
     </span>
     <span class='ocr_line' id='line_1_56' title="bbox 1242 3919 1966 4018; baseline -0.008 -22"><span class='ocrx_word' id='word_1_379' title='bbox 1242 3935 1307 4018; x_wconf 75' lang='lat' dir='ltr'><strong>egi.</strong></span> <span class='ocrx_word' id='word_1_380' title='bbox 1336 3969 1379 3984; x_wconf 91' lang='grc'>-</span> <span class='ocrx_word' id='word_1_381' title='bbox 1407 3919 1477 3998; x_wconf 67' lang='lat' dir='ltr'><strong>aa.</strong></span> <span class='ocrx_word' id='word_1_382' title='bbox 1503 3921 1558 4002; x_wconf 79' lang='lat' dir='ltr'><strong>ii.</strong></span> <span class='ocrx_word' id='word_1_383' title='bbox 1580 3937 1616 3998; x_wconf 71' lang='lat' dir='ltr'><strong>tu</strong></span> <span class='ocrx_word' id='word_1_384' title='bbox 1633 3937 1705 4006; x_wconf 83' lang='lat' dir='ltr'><strong>av.</strong></span> <span class='ocrx_word' id='word_1_385' title='bbox 1727 3949 1763 4000; x_wconf 70' lang='lat' dir='ltr'><strong>et</strong></span> <span class='ocrx_word' id='word_1_386' title='bbox 1781 3935 1848 3998; x_wconf 82' lang='lat' dir='ltr'><strong>aa.</strong></span> <span class='ocrx_word' id='word_1_387' title='bbox 1871 3931 1966 4016; x_wconf 80' lang='lat' dir='ltr'><strong>paullo</strong></span> 
     </span>
     <span class='ocr_line' id='line_1_57' title="bbox 1241 4036 1475 4121; baseline -0.013 -21"><span class='ocrx_word' id='word_1_388' title='bbox 1241 4057 1338 4121; x_wconf 78' lang='lat' dir='ltr'><strong>nupta</strong></span> <span class='ocrx_word' id='word_1_389' title='bbox 1360 4036 1475 4100; x_wconf 85' lang='lat' dir='ltr'><strong>citatia.</strong></span> 
     </span>
     <span class='ocr_line' id='line_1_58' title="bbox 1243 4133 1968 4219; baseline -0.014 -17"><span class='ocrx_word' id='word_1_390' title='bbox 1243 4154 1248 4165; x_wconf 95' lang='grc'><strong><em>’</em></strong></span> <span class='ocrx_word' id='word_1_391' title='bbox 1306 4141 1516 4203; x_wconf 82' lang='lat' dir='ltr'><strong>Domitiani:</strong></span> <span class='ocrx_word' id='word_1_392' title='bbox 1538 4137 1611 4204; x_wconf 85' lang='lat' dir='ltr'><strong>ET.</strong></span> <span class='ocrx_word' id='word_1_393' title='bbox 1628 4137 1674 4206; x_wconf 85' lang='lat' dir='ltr'><strong>H.</strong></span> <span class='ocrx_word' id='word_1_394' title='bbox 1695 4133 1754 4204; x_wconf 87' lang='grc' dir='ltr'><strong>ΙΔ.</strong></span> <span class='ocrx_word' id='word_1_395' title='bbox 1777 4135 1919 4219; x_wconf 77' lang='lat' dir='ltr'><strong>(Marcili</strong></span> <span class='ocrx_word' id='word_1_396' title='bbox 1939 4133 1968 4193; x_wconf 90' lang='lat' dir='ltr'><strong>in</strong></span> 
     </span>
     <span class='ocr_line' id='line_1_59' title="bbox 1240 4239 1735 4324; baseline 0.002 -22"><span class='ocrx_word' id='word_1_397' title='bbox 1240 4239 1316 4304; x_wconf 80' lang='lat' dir='ltr'><strong>iam.</strong></span> <span class='ocrx_word' id='word_1_398' title='bbox 1336 4241 1512 4324; x_wconf 81' lang='lat' dir='ltr'><strong>Pompon.)</strong></span> <span class='ocrx_word' id='word_1_399' title='bbox 1573 4273 1576 4283; x_wconf 91' lang='lat'><strong>·</strong></span> <span class='ocrx_word' id='word_1_400' title='bbox 1729 4289 1735 4303; x_wconf 78' lang='grc'><strong>.</strong></span> 
     </span>
    </p>
   </div>
   <div class='ocr_carea' id='block_1_18' title="bbox 1311 4337 1970 4426">
    <p class='ocr_par' dir='ltr' id='par_1_23' title="bbox 1311 4295 2053 4439">
     <span class='ocr_line' id='line_1_60' title="bbox 1311 4337 1970 4426; baseline 0.022 -26"><span class='ocrx_word' id='word_1_401' title='bbox 1311 4341 1445 4421; x_wconf 73' lang='lat' dir='ltr'><strong>Troiani</strong></span> <span class='ocrx_word' id='word_1_402' title='bbox 1455 4367 1466 4406; x_wconf 94' lang='grc'><strong>.·</strong></span> <span class='ocrx_word' id='word_1_403' title='bbox 1496 4341 1568 4404; x_wconf 89' lang='grc' dir='ltr'><strong>ΕΤ.</strong></span> <span class='ocrx_word' id='word_1_404' title='bbox 1586 4339 1626 4408; x_wconf 94' lang='grc' dir='ltr'><strong>Γ.</strong></span> <span class='ocrx_word' id='word_1_405' title='bbox 1645 4343 1795 4426; x_wconf 76' lang='lat' dir='ltr'><strong>(Marcili</strong></span> <span class='ocrx_word' id='word_1_406' title='bbox 1816 4341 1838 4406; x_wconf 89' lang='lat' dir='ltr'><strong>l.</strong></span> <span class='ocrx_word' id='word_1_407' title='bbox 1852 4343 1895 4422; x_wconf 86' lang='lat' dir='ltr'><strong>c.)</strong></span> <span class='ocrx_word' id='word_1_408' title='bbox 1921 4337 1970 4400; x_wconf 65' lang='lat' dir='ltr'><strong>Di·</strong></span> 
     </span>
    </p>
   </div>
   <div class='ocr_carea' id='block_1_19' title="bbox 1237 4438 1969 4545">
    <p class='ocr_par' dir='ltr' id='par_1_24' title="bbox 1237 4438 1969 4545">
     <span class='ocr_line' id='line_1_61' title="bbox 1237 4438 1969 4545; baseline -0.015 -37"><span class='ocrx_word' id='word_1_409' title='bbox 1237 4443 1325 4508; x_wconf 85' lang='lat' dir='ltr'><strong>citor</strong></span> <span class='ocrx_word' id='word_1_410' title='bbox 1347 4445 1382 4506; x_wconf 89' lang='lat' dir='ltr'><strong>in</strong></span> <span class='ocrx_word' id='word_1_411' title='bbox 1405 4445 1467 4508; x_wconf 87' lang='lat' dir='ltr'><strong>hoc</strong></span> <span class='ocrx_word' id='word_1_412' title='bbox 1489 4444 1703 4545; x_wconf 70' lang='lat' dir='ltr'><strong>AAKIKOC.</strong></span> <span class='ocrx_word' id='word_1_413' title='bbox 1727 4445 1816 4513; x_wconf 80' lang='lat' dir='ltr'><strong>Vide</strong></span> <span class='ocrx_word' id='word_1_414' title='bbox 1836 4441 1915 4504; x_wconf 78' lang='lat' dir='ltr'><strong>inira</strong></span> <span class='ocrx_word' id='word_1_415' title='bbox 1940 4438 1969 4498; x_wconf 92' lang='lat' dir='ltr'><strong>in</strong></span> 
     </span>
    </p>
   </div>
   <div class='ocr_carea' id='block_1_20' title="bbox 1240 4545 1441 4630">
    <p class='ocr_par' dir='ltr' id='par_1_25' title="bbox 1240 4545 1441 4630">
     <span class='ocr_line' id='line_1_62' title="bbox 1240 4545 1441 4630; baseline 0.015 -23"><span class='ocrx_word' id='word_1_416' title='bbox 1240 4545 1441 4630; x_wconf 66' lang='lat' dir='ltr'><strong>Magistrata.</strong></span> 
     </span>
    </p>
   </div>
   <div class='ocr_carea' id='block_1_21' title="bbox 0 0 2092 5454">
    <p class='ocr_par' dir='ltr' id='par_1_26' title="bbox 0 0 2092 5454">
     <span class='ocr_line' id='line_1_63' title="bbox 0 0 2092 5454; baseline 0 0"><span class='ocrx_word' id='word_1_417' title='bbox 0 0 2092 5454; x_wconf 95' lang='lat' dir='ltr'><strong> </strong></span> 
     </span>
    </p>
   </div>
  </div>
 </body>
</html>
