4212 5462
427 589 492 671 ¹42
1097 563 1328 648 maleta

440 742 577 820 tantine,
595 741 667 825 iare
681 729 830 804 dubitare
844 735 952 803 lioeat.
974 733 1076 802 Forte
1091 755 1183 820 pree·
1241 746 1347 806 aetate
1365 731 1533 820 praeeedit
1549 753 1666 800 mmua
1677 733 1837 814 Neronis,
1859 736 1902 800 tle
1921 755 1987 820 qno

441 843 629 931 ponendum
645 838 765 910 KAIC.
782 835 917 905 HPOC.
932 835 1017 905 Ttt.
1242 836 1406 921 copiosius
1427 855 1521 919 agam
1544 835 1647 916 intra,
1678 836 1740 900 ubi·
1760 835 1802 904 do
1820 837 1986 916 Anazarbi

1241 937 1369 1022 opoeba
1383 936 1627 1022 disputabimus.
1662 938 1880 1023 Porrignntur
1896 941 1984 1024 apud

1240 1037 1451 1106 Vaillantium
1476 1061 1580 1126 usqae
1601 1039 1643 1103 ad
1664 1040 1891 1117 Valerianum,
1923 1041 1984 1106 sed

712 1199 715 1206 ,
1241 1138 1384 1234 Galliepi
1402 1161 1501 1206 annm
1518 1139 1642 1206 addidit
1658 1143 1825 1225 Hayrniue.

507 1251 615 1332 Caput
627 1249 798 1312 barbatam
813 1247 1012 1310 laureatum.
1034 1239 1184 1309 ΞΑΝΑ·
1302 1241 1382 1304 Pars
1399 1245 1503 1308 antica
1524 1244 1559 1306 in
1574 1262 1673 1306 numo
1691 1245 1736 1309 tt·
1748 1243 1876 1306 Aurelii
1894 1255 1929 1308 et
1944 1245 1984 1308 L.

441 1345 681 1415 ΖΑΡΒΕΩΝ.
720 1349 851 1412 Mulier
865 1358 961 1411 stans
977 1366 1051 1410 eum
1066 1365 1183 1410 rorare
1239 1345 1323 1416 Veri
1349 1345 1451 1408 moria
1473 1358 1523 1409 ert
1546 1343 1787 1408 insolentioris:
1826 1341 1983 1408 cessac.

440 1456 564 1538 copiae.
586 1451 656 1514 ΑΕ.
672 1451 714 1512 ll.
739 1449 912 1532 (Hanters)
988 1493 991 1501 .
1164 1487 1168 1502 ι
1241 1441 1575 1520 ΑΝΤΩΝΕΙΝΟΤ.
1595 1445 1694 1510 ΚΑΙ.
1712 1441 1848 1510 ΟΊῊΡ.
1867 1443 1985 1510 ΟΜΟ-

440 1589 446 1598 ·
504 1548 580 1615 en.
597 1548 698 1618 Bae.
723 1551 833 1634 Caput
847 1549 1006 1612 muliebre
1021 1548 1182 1626 velatum,
1239 1544 1316 1610 ΝΟ.
1361 1551 1505 1630 Vterque
1534 1550 1716 1629 imperator
1749 1559 1844 1610 stans
1870 1547 1986 1630 jungit

434 1658 538 1737 juxta
558 1659 632 1740 fite
665 1655 793 1716 ardens.
835 1645 1062 1712 ttKAICAP.
1101 1643 1180 1714 ΤΠ.
1238 1651 1411 1726 dexteras,
1451 1650 1579 1730 stagnei
1615 1671 1648 1711 se
1674 1648 1825 1710 volumen
1861 1659 1984 1712 tenent.

438 1751 647 1818 ANAZAP.
693 1755 801 1836 capas
829 1752 988 1816 muliebre
1016 1751 1181 1826 velatum,
1237 1750 1370 1833 (Belley
1391 1750 1453 1816 Lo.
1473 1751 1557 1814 Moe.
1578 1749 1687 1830 Caes.)

433 1877 517 1941 prae
544 1876 607 1936 pao
635 1859 746 1938 spicae
772 1865 806 1918 et
830 1873 983 1935 papaver.
1026 1849 1096 1918 AB.
1124 1853 1180 1918 lli.
1298 1846 1671 1915 KOINOBOTAION.
1713 1849 1842 1912 Mulier
1867 1851 1984 1912 sedeas

436 1958 586 2041 (Hanter
603 1953 667 2018 tab.
687 1965 734 2032 ¹4·
755 1975 788 2019 n.
798 1955 870 2036 tv.)
1240 1953 1406 2017 calculum
1421 1955 1459 2015 e'n
1471 1953 1658 2014 adstantem
1678 1971 1797 2013 urnam
1816 1954 1984 2028 immittit,

502 2059 540 2120 ln
556 2055 742 2142 posteriore
762 2055 829 2119 hoo
845 2073 944 2122 numo
962 2051 1085 2121 mentio
1103 2053 1182 2118 situs
1239 2052 1435 2118 caracallae.
1459 2051 1595 2138 (Spanh.
1612 2050 1694 2116 Orb.
1714 2051 1811 2116 Rom.
1825 2073 1857 2135 p.
1872 2057 1961 2136 aqo.)

436 2158 606 2244 peragitur
630 2155 776 2242 praefixo
799 2153 916 2234 ΤΠΟ,
944 2177 1021 2221 eam
1043 2157 1077 2218 in
1092 2155 1189 2233 aliia,
1298 2157 1444 2226 Desara
1468 2155 1532 2218 hoe
1552 2153 1586 2214 in
1606 2153 1712 2216 numia
1731 2151 1890 2230 vocabulo
1906 2173 1983 2238 age·

438 2275 474 2322 ut
498 2259 654 2336 vidintur,
688 2259 849 2324 aeribatnr
872 2253 1013 2322 ΠΡΟΣ.
1057 2257 1125 2321 Sed
1142 2269 1183 2320 -et
1239 2277 1310 2321 mur
1324 2255 1409 2320 inira
1424 2255 1458 2318 in
1480 2254 1586 2318 numia
1603 2255 1708 2318 Tarsi.
1817 2293 1820 2298 -

434 2363 597 2429 Caesareo
618 2361 680 2424 alia
703 2381 797 2424 snum
820 2357 861 2422 ad
881 2373 1028 2428 montem
1042 2359 1179 2437 Panium
1297 2353 1430 2444 Reliqui
1449 2357 1522 2442 typi
1546 2356 1629 2419 nihil
1660 2355 1874 2422 memorabile
1899 2353 1982 2420 offe·

433 2463 536 2527 ¹ritum
563 2460 720 2527 indicarit
751 2462 875 2544 scripto
896 2461 952 2525 rol
981 2455 1062 2524 ΤΠ.
1094 2455 1180 2522 ΠΛ·
1235 2473 1329 2532 rante
1350 2463 1464 2524 Diona
1477 2464 1514 2522 ia
1526 2471 1698 2522 taurorum
1713 2459 1812 2540 bigis,
1830 2458 1866 2520 in
1879 2478 1979 2522 namo

436 2559 561 2626 Nem
582 2563 637 2628 rel
654 2559 788 2626 neoc.
805 2553 1009 2628 ΠΑΝΕῙΩ.
1045 2561 1182 2645 Epigra·
1236 2563 1369 2628 Paulae.
1404 2560 1568 2644 (Pellerin
1589 2562 1669 2624 Rea.
1687 2561 1742 2624 111.
1758 2581 1790 2642 p.
1800 2560 1889 2641 ata.)
1921 2561 1983 2622 Ca·

433 2661 527 2748 pben
549 2663 674 2728 antioae
705 2664 872 2748 explicare
901 2682 969 2727 nen
999 2675 1100 2728 tento.
1143 2661 1180 2725 Si
1232 2668 1409 2746 prieornus
1423 2685 1522 2746 super
1532 2662 1644 2748 globo,
1661 2659 1812 2738 Gallieni,
1832 2661 1982 2744 (Haym.)

432 2785 515 2829 aare
538 2764 693 2828 reribitur
715 2761 805 2840 etl„
828 2785 966 2850 aequone
984 2763 1180 2828 vocabulum
1231 2763 1490 2830 retento-adhue
1506 2763 1540 2826 in
1556 2765 1738 2860 Angustum
1753 2760 1894 2830 adieotn.

434 2865 590 2929 indicabit
616 2865 848 2949 magistratum.
900 2867 943 2930 At
968 2865 1123 2930 hactenns
1144 2865 1179 2930 in
1494 2913 1514 2952 ,
1598 2867 1618 2906 ⁴
1701 2913 1721 2952 4

435 2966 599 3030 Anazarbi
619 2981 750 3031 moneta
770 2968 975 3052 magistratus
1000 2986 1066 3029 non
1092 2987 1180 3030 enm·
1299 2967 1510 3051 Metropolis.
1532 2967 1596 3031 Hie
1610 2968 1721 3034 titulus
1737 2970 1877 3053 primum
1892 2989 1981 3036 oom-

426 3069 553 3155 tparuit.
595 3066 686 3159 Quid
714 3053 851 3136 siess'et
880 3089 982 3132 annas
1012 3067 1178 3152 epochae,
1234 3081 1330 3152 paret
1345 3070 1386 3130 in
1411 3091 1510 3134 namo
1532 3067 1737 3134 Caracallaet
1765 3069 1981 3134 ANAZAP-

429 3175 472 3235 'et
487 3169 682 3262 rerrleotio
702 3167 773 3236 ΕΤ.
791 3167 892 3232 ΒΑΡ.
930 3169 983 3233 Ex
1003 3167 1179 3255 lege‘epn·
1233 3165 1334 3232 BOT.
1363 3165 1751 3244 ΜΗΤΡΟΠΟΛΕΩΟ.
1783 3171 1853 3240 ΕΤ.
1874 3167 1979 3234 BAC.

425 3270 517 3334 ‚chae
547 3270 781 3335 Anazarbenae
812 3271 959 3355 signatae
989 3283 1059 3356 tom
1088 3285 1178 3336 earet
1235 3264 1375 3354 (Spanh.'
1395 3271 1418 3338 l.
1436 3275 1481 3356 o.)
1500 3276 1592 3356 Ergo
1611 3274 1675 3338 boo
1693 3274 1820 3336 honere
1838 3294 1903 3336 nen
1918 3275 1982 3338 fuit

423 3393 549 3436 namus
566 3373 605 3439 V.
622 3373 659 3438 C.
673 3371 747 3439 866.
765 3371 946 3454 imperante
962 3371 1121 3455 Traiano,
1143 3387 1177 3436 et
1235 3371 1386 3437 decorata
1404 3374 1445 3437 ab
1462 3374 1658 3460 Elagabalo,
1688 3389 1724 3438 ut
1745 3377 1873 3440 censuit
1891 3377 1981 3442 Vail·

426 3475 482 3538 -rio
507 3473 612 3559 eapite
634 3473 767 3538 Cereris
783 3471 817 3534 in
837 3473 1178 3566 antieaexbiberetur
1233 3459 1362 3539 lantino.
1398 3479 1473 3550 Hoo
1494 3477 1590 3542 titulo
1611 3490 1799 3542 constanter
1821 3477 1980 3561 deinceps

424 3589 532 3660 ,orpnt
555 3577 609 3640 vel
631 3575 801 3652 Plotinae,
833 3574 888 3643 vel
912 3575 1113 3654 Marcianae,
1143 3587 1177 3640 et
1234 3577 1454 3663 gloriabatur,
1476 3579 1539 3643 etri
1556 3579 1584 3641 ir
1601 3593 1734 3660 praeter
1752 3579 1912 3643 honorem
1930 3578 1982 3639 illi

420 3675 541 3761 -oapite
555 3677 774 3759 Proserpinae
791 3677 825 3738 in
839 3696 953 3742 avorsa
972 3691 1068 3761 eaput
1084 3679 1178 3742 Mati·
1232 3679 1317 3741 nihil
1332 3679 1473 3760 addidit3
1496 3701 1568 3743 nam
1586 3680 1673 3763 quod
1690 3679 1730 3744 ad
1747 3679 1828 3762 juris
1845 3693 1981 3745 conten-

429 3778 520 3844 diae.
552 3777 620 3842 Sed
638 3778 680 3841 de
702 3777 767 3848 boo
786 3779 907 3844 certine
924 3795 984 3844 noe
1002 3779 1179 3864 aliqnando
1236 3781 1359 3843 tionem
1382 3780 1553 3856 attinebat,
1584 3783 1617 3844 id
1646 3803 1743 3846 omne
1772 3773 1979 3845 ad't'araum

434 3880 573 3944 instruet
590 3879 754 3948 Combinr.
948 3921 950 3928 ,
1234 3901 1346 3946 reram
1364 3882 1497 3948 Ciliciae
1518 3884 1715 3968 metropolin
1736 3885 1910 3968 pertinuit,
1944 3897 1981 3947 nt

500 3981 578 4044 Aa.
596 3982 736 4044 RRHR.
952 3982 972 4024 ='
1234 3983 1396 4048 existimat
1408 3985 1564 4069 Belleyna
1580 3989 1620 4066 ¹).

1593 4088 1613 4126 1

685 1081 932 1148 Autonomt'.

1488 4135 1510 4170 a
1661 4155 1665 4164 -
1696 4135 1716 4174 a

1296 4179 1523 4264 ΕΝΔΟΞΟΤ.
1566 4191 1733 4268 illustris,
1776 4190 1832 4280 qui
1861 4190 1978 4253 titulae
2088 4181 2090 4254 l

1231 4301 1400 4370 comparet
1422 4289 1562 4372 primum
1585 4291 1618 4354 in
1643 4312 1743 4356 numo
1767 4293 1867 4356 Corn.
1895 4292 1982 4354 Pau·
2088 4275 2089 4313 ¹

415 4441 418 4448 ,
497 4383 597 4472 Apud
613 4381 823 4454 Vaillentium
845 4386 1004 4472 incipiunt
1023 4391 1095 4457 aL.
1108 4392 1174 4458 Ve·
1228 4389 1300 4465 lae,
1330 4390 1493 4469 (Pellerin
1516 4395 1598 4458 lter.
1614 4395 1669 4456 111.
1687 4415 1720 4476 p.
1738 4395 1830 4476 aaa.)
1855 4391 1979 4456 deinde
2085 4355 2088 4408 Λ

428 4511 481 4566 ro,
496 4489 652 4571 Belleyua
669 4507 710 4552 er
734 4507 849 4553 museo
868 4489 1040 4556 Pellerinii
1057 4513 1191 4582 numos·
1230 4489 1363 4553 Maximi
1390 4491 1483 4557 Caes.
1514 4491 1815 4574 ΑΝΑΖᾼΡΒΟΤ.
1854 4492 1979 4557 ΜΗΤ.
2085 4523 2086 4593 p

433 4592 589 4655 Antonini
604 4607 639 4656 et
651 4589 779 4680 Aurelii
794 4591 940 4676 protulit.
971 4594 1043 4656 Hos
1059 4579 1173 4659 omne‘o
1229 4591 1315 4654 ΚΑΙ
1340 4590 1566 4660 ΕΝΛΟΞΟΤ.
1594 4597 1628 4658 in
1647 4596 1736 4660 aliie:
1766 4593 1981 4660 GNAiGN-
2084 4627 2085 4685 p

2083 4699 2084 4777 l

2080 4797 2083 4871 l

2079 4889 2082 4972 l

2078 4975 2081 5057 l

661 4219 944 4301 Imperatorii.
978 4245 996 4277 τ

471 4805 501 4872 ⁸)
520 4799 552 4858 L·
574 4821 600 4858 a.
613 4821 644 4876 p.
653 4815 714 4867 tar.
