4160 5454
591 515 794 590 neces
837 518 1160 592 annuntie.
1338 613 1339 618 Ν
1578 536 1650 598 205

98 685 185 747 iuter
210 681 407 766 Euphraten
440 695 474 744 et
498 683 626 766 Tigrim
659 685 719 750 alta
748 703 849 768 oppa·
906 686 999 752 ΚΑΙ.
1023 681 1227 753 ΔΙΙΙΑΙΟΤ.
1254 689 1408 750 Victoria
1424 687 1582 767 gradiens
1600 690 1649 748 in·

101 805 202 870 gnara
230 795 387 867 pararet,
416 784 561 848 Xerxem
586 786 658 868 ejua
684 785 775 850 urbia
795 806 850 850 re·
896 792 959 870 fra
981 783 1010 850 Γ
1011 784 1056 854 Λ.
1079 790 1149 852 ΑΕ.
1166 791 1221 855 ΙΙΙ.
1244 787 1435 871 (Pellerin.)

102 909 179 974 gem
194 883 319 951 rit-ihus
342 884 409 946 auia
427 883 571 948 diffisum
595 887 672 972 fuga
697 887 759 952 eibi
786 889 850 972 pri·
962 891 1110 952 silianum
1130 889 1276 974 priorem
1296 888 1399 954 edidit
1414 887 1599 950 Frblicltiuo
1615 889 1648 950 in

102 1011 190 1052 mum
208 985 433 1064 consuluisae,
451 987 589 1054 subinde
611 989 718 1054 miaaia
733 990 849 1074 legatia
908 991 974 1086 auia
995 993 1124 1076 Regum
1146 1006 1213 1058 vet.
1235 992 1341 1056 numia
1360 1011 1447 1054 auno
1469 991 1558 1072 ¹7⁵²·
1582 991 1651 1054 vul·

105 1091 178 1174 ajua
196 1087 334 1173 petiiaae
357 1088 570 1174 colloquium.
594 1093 852 1158 'l'umvaroAu-
909 1089 1058 1178 gatiab),
1088 1092 1148 1156 aed
1173 1094 1207 1156 iu
1230 1114 1272 1156 ee
1295 1093 1394 1156 iuvita
1426 1092 1574 1156 Minerva
1604 1092 1651 1154 la·

104 1191 220 1254 tiocho
247 1189 370 1253 amicus
395 1191 596 1274 persuadere
621 1194 785 1270 eoluiaae,
808 1214 851 1256 ne
909 1215 991 1280 gare
1008 1194 1167 1259 aihiviaua
1184 1209 1237 1260 eat
1246 1189 1483 1256 ΑΡΣΑΜΟΤ
1502 1214 1562 1277 pro
1580 1213 1651 1260 eer-

106 1295 263 1376 jureuem
280 1311 397 1376 regem
419 1294 556 1379 amplius
573 1293 770 1374 dimitteret,
791 1295 874 1360 aad
908 1311 944 1360 to
962 1311 996 1360 et
1013 1295 1194 1360 indubitato
1213 1290 1399 1360 ΣΑΜΟΤ.
1427 1292 1538 1388 Quare
1556 1295 1651 1360 Arua-

106 1393 224 1458 urbem
251 1413 457 1480 regnumque
481 1395 574 1458 daret
594 1395 776 1460 Mithridati
799 1416 855 1461 aa·
909 1419 986 1460 ruen
1005 1385 1179 1482 aliquem'
1170 1417 1203 1458 ru
1221 1395 1331 1459 Peraia
1350 1397 1405 1461 vel
1424 1396 1589 1459 Armeniia
1611 1397 1651 1456 il-

107 1496 194 1559 roria
218 1514 299 1558 auae
319 1497 475 1560 naturalia
498 1495 621 1575 lilio,'
607 1519 640 1572 ος
658 1495 692 1576 ἦν
713 1497 777 1574 drot
797 1522 854 1574 της
909 1501 1047 1563 lustrem
1084 1499 1336 1615 circumspexit,
1371 1497 1474 1580 qualia
1511 1511 1582 1561 erat
1612 1497 1650 1572 ia,

107 1593 287 1678 dbolppr'
267 1618 341 1658 aare
359 1601 438 1658 lara
455 1609 552 1676 poro.
586 1599 761 1666 Sedenim
788 1614 854 1664 tau·
908 1623 1007 1687 quem
1030 1621 1127 1684 aupra
1144 1601 1289 1683 primum
1311 1599 1344 1660 in
1366 1599 1541 1662 Armeniae
1565 1601 1653 1683 regi·

110 1715 180 1762 tam
212 1696 381 1775 ubiuiaae,
411 1713 447 1762 ut
473 1701 653 1764 amicorum
681 1704 855 1767 consilium
910 1704 970 1766 hus
994 1702 1234 1786 proposuimus.
1273 1701 1416 1764 Monitua
1435 1724 1453 1764 a
1475 1701 1526 1766 Cl.
1546 1703 1651 1778 Boae,

103 1822 167 1866 rex
183 1814 400 1884 sequeretur,
419 1801 505 1864 utin
522 1823 627 1886 reguo
643 1802 856 1870 confirmaret
912 1805 969 1890 qui
988 1805 1123 1869 alterius
1142 1805 1231 1866 numi
1251 1793 1443 1868 iconiamum
1456 1801 1600 1882 miserat,
1617 1803 1651 1866 in

103 1905 207 1968 etiam
240 1901 393 1984 copulata
429 1905 461 1966 ei
499 1909 616 1966 aorore
646 1905 854 1971 Antiochida.
910 1906 1055 1977 lectione
1073 1901 1243 1968 ΣΑΜΟΤ
1262 1905 1379 1969 lubeuu
1397 1906 1574 1990 acquievit,
1592 1905 1655 1968 faa·

101 2009 199 2068 Haec
216 2004 386 2085 Polybiou.
407 2005 580 2068 Existimat
592 2007 855 2090 Barthelemyua,
913 2031 985 2086 aua,
1004 2009 1165 2072 iucaaaum
1182 2007 1341 2072 cecidiaae
1359 2009 1484 2086 omnia,
1500 2028 1583 2094 quae
1600 2015 1654 2072 'co-

102 2120 328 2170 memoratum
342 2106 496 2190 scriptori
512 2107 642 2177 Graeco
657 2111 855 2175 Antiochum
912 2111 1006 2195 pioae
1029 2109 1107 2174 olim
1136 2109 1170 2170 iu
1194 2109 1281 2174 hunc
1302 2131 1436 2173 numum
1457 2111 1655 2174 commerita·

102 2210 211 2272 fuine
235 2208 433 2271 Antiochum
451 2210 527 2284 ΙΙΙ..
559 2222 656 2294 atque
678 2213 755 2276 inde
779 2215 857 2277 coa}
913 2227 966 2274 tua
992 2225 1055 2277 =eet
1089 2215 1131 2292 ο).
1185 2209 1314 2275 Eodem
1343 2231 1428 2276 auno
1457 2214 1548 2294 1752.
1578 2210 1655 2275 Bel·

103 2313 198 2392 jieit,
231 2311 297 2392 jam
319 2325 394 2374 ante
414 2312 580 2374 Artaxiam
607 2327 641 2377 et
656 2313 856 2378 -zadriadem
913 2315 1006 2397 leyua
1033 2315 1195 2392 alterum,
1227 2334 1324 2397 quem
1353 2313 1534 2396 descripti,
1566 2311 1655 2376 Sarni

103 2416 292 2478 Armeniae
312 2413 519 2496 praefectur,
549 2437 631 2500 quoa
651 2415 691 2479 ab
712 2416 858 2480 hocAu·
913 2438 1046 2521 nuuqum
1066 2415 1099 2478 iu
1118 2416 1226 2478 lucem
1244 2415 1355 2492 dedit,
1378 2433 1518 2500 cumque
1541 2413 1583 2476 do
1600 2415 1655 2476 Sa·

102 2515 222 2580 tiocho
247 2515 411 2582 deleeiaee
434 2517 540 2585 refert
566 2518 725 2597 hiatoria,
752 2519 856 2582 fuieae
913 2539 967 2584 me
990 2519 1045 2588 rel
1070 2518 1168 2580 Samo
1191 2537 1273 2600 rege
1299 2519 1387 2582 nulla
1410 2516 1533 2602 opeda
1518 2514 1674 2598 scripte

103 2638 230 2701 regea,
253 2619 312 2704 qui
333 2639 370 2680 ae
393 2603 582 2702 Syrorum
571 2621 712 2706 imperio
733 2606 857 2687 tulitra·
912 2643 967 2685 ree
1004 2621 1192 2705 reperiatur
1226 2623 1375 2697 mantio,
1409 2637 1546 2690 necatae
1582 2615 1656 2692 tuit,

102 2741 202 2784 xere.
225 2723 271 2782 At
289 2720 501 2784 Frolrchtua
491 2744 524 2784 tn
535 2721 730 2786 Antiochum
741 2726 818 2792 lV
810 2747 857 2786 rn-
912 2724 985 2786 unia
1008 2720 1206 2804 conjectarit
1229 2743 1300 2788 ram
1327 2742 1427 2807 agere
1444 2721 1489 2802 d).
1532 2721 1655 2784 Eurum

101 2824 230 2896 elinat,
252 2837 288 2884 et
308 2823 416 2886 multra
434 2823 548 2888 adlatur
565 2843 765 2912 argumentur
781 2847 858 2890 con·
915 2847 1038 2888 summa
1052 2829 1145 2890 haee
1173 2839 1248 2888 eata
1278 2845 1394 2886 numae
1430 2824 1483 2887 hie
1511 2822 1655 2886 iubricae

101 2925 269 3004 jectar-am
290 2924 383 2988 fulcit
398 2929 439 3008 ι).
471 2925 669 2992 observarit
685 2942 858 3012 praeterea
915 2941 965 2994 eet
994 2928 1089 3011 plane
1120 2925 1319 3010 Syriacae,'
1330 2941 1364 2990 et
1399 2925 1531 3010 quidem
1564 2923 1655 3006 cujua

101 3025 381 3109 Barthelemyua,
402 3028 622 3094 huucllerxic
640 3051 775 3094 nuruum
793 3045 858 3096 tam
915 3043 989 3094 eunt
1029 3029 1119 3092 numi
1156 3043 1262 3092 aetate
1290 3027 1470 3091 Alexandri
1489 3029 1513 3088 Ι.
1556 3027 1655 3090 Balce

102 3125 256 3204 fabrica,
278 3149 373 3214 quam
400 3143 498 3214 typo,
520 3146 554 3196 et
575 3133 773 3218 epigraphen
795 3135 858 3196 airu
914 3127 1072 3217 percussi.
1116 3130 1306 3198 Veriaimile
1332 3150 1436 3214 ergo,
1460 3131 1579 3193 Samen
1602 3129 1656 3194 tel

102 3229 316 3292 simillimum
343 3251 431 3308 asae,
445 3233 501 3312 iia,
524 3254 608 3320 quoa
639 3234 734 3300 nebia
749 3235 858 3320 ,primi
912 3237 1047 3300 Samum
1068 3233 1210 3317 aliquem
1226 3233 1407 3316 imperante
1430 3233 1592 3298 Antiocho
1609 3235 1656 3296 Μ.

98 3331 223 3412 Syriae
239 3333 491 3426 regradedere.
835 3387 838 3394 .
915 3337 1099 3414 deleoiaao,
1139 3347 1173 3400 et
1202 3336 1236 3396 in
1258 3335 1486 3424 Commagena
1504 3345 1656 3418 'reguum

916 3441 978 3503 eibi
994 3439 1144 3502 fundatae
1162 3437 1330 3502 aedificata
1348 3439 1436 3522 juxta
1454 3437 1663 3528 Euphratem¹

256 3573 434 3640 sums
457 3579 510 3641 vet
530 3577 713 3648 smvs·
915 3544 1020 3618 urbe,
1048 3561 1143 3626 quam
1167 3539 1209 3604 de
1233 3541 1366 3602 uomina
1393 3560 1453 3601 auo
1480 3538 1656 3602 Samosata

888 3679 892 3688 .
917 3643 1055 3717 dixerit,
1085 3641 1222 3724 perinde
1249 3661 1287 3704 ac
1308 3641 1342 3704 in
1366 3641 1517 3722 contigua
1540 3641 1657 3701 Arme·

172 3739 286 3820 Caput
302 3745 393 3826 regis
411 3745 572 3810 imberba
566 3749 669 3810 tiara
688 3748 808 3808 cortica
823 3755 857 3805 ct
913 3748 966 3810 nia
996 3747 1147 3808 Artaxata
1175 3743 1259 3806 dicta
1297 3743 1439 3804 fueraa
1483 3739 1655 3806 conditore
1717 3815 1730 3828 α

95 3841 305 3902 diademato
349 3833 482 3910 tectura.
525 3843 550 3908 Ξ
587 3837 854 3912 mmm.
887 3846 1067 3942 Artaxia,
1081 3844 1309 3908 '‘Eruendaaata
1329 3843 1377 3906 ab
1401 3841 1572 3919 Eruenda,
1594 3843 1657 3904 Ar·

93 3937 297 4004 ΣΑΜΟΤ.
336 3941 630 4013 ΘΕΟΣΕΒΟΤΣ.
667 3948 761 4011 ΚΑΙ.
798 3945 859 4008 ΔΙ·
915 3961 1072 4013 aamoaata
1097 3947 1137 4010 ab
1162 3948 1321 4022 Arsame,
1357 3965 1421 4063 quo
1446 3945 1518 4028 ipao
1545 3945 1655 4008 veriti·

93 4037 269 4108 ΚΑΙΟΤ.
298 4043 445 4127 Thyrreo
464 4069 537 4112 cum
558 4053 691 4116 taeniis.
715 4051 786 4116 ΔΕ.
799 4051 855 4115 ΙΙΙ.
915 4051 993 4113 mile
1017 4049 1076 4126 lit,
1098 4047 1242 4110 additum
1267 4057 1343 4110 sata
1369 4047 1403 4108 iu
1423 4046 1656 4111 Armeniorum

94 4147 213 4224 (lua.
230 4145 342 4230 Caea.)
914 4153 1026 4236 lingua
1054 4147 1238 4233 aignilicare
1266 4129 1387 4210 orbim.
1432 4149 1562 4231 Belleyi
1585 4169 1657 4213 aen·

171 4247 287 4326 Caput
311 4251 454 4313 imberba
475 4254 655 4316 radiatum.
684 4249 709 4315 Ξ
730 4249 858 4318 ΒΑΣΙ·
914 4255 1049 4322 tentiam
1066 4253 1099 4316 iu
1118 4251 1263 4336 subjecta
1286 4251 1440 4314 continuo
1459 4251 1658 4340 discertatio·

91 4342 263 4412 ΛΕΩΣ.
325 4345 510 4416 ΣΑΜΟΤ.
565 4351 860 4454 eeezlfflotz.
913 4367 1128 4424 ne'eeertere
1144 4355 1258 4418 nititur
1272 4353 1322 4420 Cl.
1339 4353 1380 4418 de
1392 4353 1484 4416 Boae
1507 4373 1549 4416 eo
1564 4373 1658 4436 prae·
1707 4397 1710 4404 -

130 4679 171 4750 ι)
196 4675 281 4734 nub.
300 4676 338 4734 dc
355 4677 473 4740 hliunis.
492 4693 578 4758 p..93
657 4683 693 4754 b)
712 4703 780 4762 pag.
772 4695 842 4750 .ι5.
922 4683 954 4754 c)
974 4681 1073 4742 Dubia
1091 4681 1128 4740 de
1147 4680 1263 4740 otmuia
1282 4700 1313 4801 p.
1306 4690 1368 4754 ..89
1386 4674 1469 4736 etad
1483 4677 1579 4755 Reges
1600 4694 1658 4739 ret.

88 4767 247 4827 messio
267 4787 340 4826 nuta
359 4789 388 4846 p.
399 4773 443 4836 65.
517 4773 552 4846 d)
574 4773 606 4839 Β
619 4773 653 4832 L.
672 4775 826 4842 waxvt
845 4787 948 4853 p..555
