4160 5454
418 527 488 610 ano
796 633 800 642 ⁸
869 489 873 496 ’
979 513 1389 592 ὀιιιιιιιοοιι

411 703 531 758 aetate.
547 690 638 756 Haec
652 685 848 775 compendio
866 685 1156 755 exiieineroiiai·
1211 705 1255 752 cx
1282 683 1472 752 Reineccio.
1515 687 1656 770 'Amynta
1689 697 1822 752 mortno
1836 686 1953 772 nugu-
2078 694 2079 711 ¹

412 793 529 857 neccio
544 796 584 876 ⁸).
763 827 766 834 ·
1211 800 1280 855 stus
1301 807 1442 872 regnum
1468 787 1539 870 ajua
1559 786 1636 852 filiis
1657 806 1722 850 non
1744 787 1858 866 dedit,
1892 787 1954 852 aeti

475 895 528 958 De
551 895 710 976 Amyntae
731 891 858 970 numia,
881 892 973 975 eujus
991 904 1067 954 sunt
1086 903 1154 953 tres
1211 890 1298 954 ciroa
1327 909 1445 952 annum
1469 890 1518 957 ··V.
1542 889 1577 952 C.
1600 907 1673 974 7²9·
1702 889 1784 954 illud
1817 891 1852 952 in
1879 909 1955 976 pro·
2075 936 2079 955 .

412 996 581 1080 postremi,
595 995 766 1080 litigatum
783 996 852 1058 Eos
865 992 1081 1078 spanhemius
1099 992 1155 1054 tri·
1210 990 1349 1056 vinciam
1372 987 1577 1074 redegit,-et
1598 1003 1711 1074 postea
1726 990 1852 1054 Galatia
1878 1009 1953 1054 cuut

405 1097 483 1160 *buit
499 1097 716 1180 Amyntaess.
734 1093 947 1158 Macedoniae
963 1093 1054 1178 regi,
1079 1093 1157 1155 tle·
1212 1093 1363 1156 attributa
1399 1106 1492 1176 parte
1525 1091 1734 1176 Pamphyliae
1769 1105 1803 1155 et
1830 1092 1954 1174 Lyceo·

394 1197 591 1263 ’nandriil
555 1201 691 1264 Euro
713 1194 756 1277 ι0).
793 1196 918 1262 Verum
948 1192 1044 1278 huju·
1062 1194 1156 1258 numi
1211 1194 1285 1258 niae
1303 1196 1503 1258 Romanum
1511 1192 1646 1257 habere
1653 1193 1857 1292 praefectum
1876 1211 1955 1258 coe·

410 1301 496 1364 certi
518 1319 633 1364 omnes
645 1311 688 1374 et
709 1295 804 1360 titulo
823 1289 1080 1358 ΒΑΣΙΛΕΩΣ
1098 1295 1155 1360 ab·
1210 1294 1259 1377 pit
1280 1296 1322 1376 0)
1351 1295 1498 1358 Primus
1509 1293 1574 1360 ltuc
1596 1315 1670 1358 cum
1694 1309 1859 1380 potestate
1880 1295 1956 1358 mis-

412 1401 552 1476 atiuent,
569 1413 603 1464 et
620 1395 920 1463 habentDoricum
930 1395 1087 1480 gignendi
1105 1416 1155 1460 ca·
1211 1419 1264 1460 sus
1283 1395 1345 1460 tuit
1362 1397 1409 1458 Μ.
1431 1397 1579 1475 Lollius,
1607 1395 1650 1461 de
1670 1397 1836 1491 quotide
1858 1393 1955 1480 plura

411 1495 482 1564 sut'n
505 1495 725 1565 AMTNTA.
766 1497 848 1562 Sunt
874 1497 977 1582 igitur
1002 1500 1093 1562 numi
1120 1499 1155 1561 lai
1211 1499 1246 1560 iu
1266 1498 1373 1562 numia
1396 1498 1508 1582 ugentis
1528 1499 1668 1564 Lolliae.
1710 1479 1874 1563 Filiorum
1896 1515 1954 1560 no·

409 1602 545 1666 alterius
561 1602 730 1683 Amyntae.
759 1599 885 1660 Nemus
906 1601 931 1660 Ι.
951 1613 1089 1683 propter
1107 1613 1154 1684 ty·
1210 1597 1295 1662 mina
1317 1599 1567 1686 ascriptoribus
1587 1619 1653 1664 non
1670 1597 1866 1685 produntur.
1887 1599 1955 1662 Eo·

408 1724 489 1787 pos,
513 1701 568 1788 qni
592 1702 692 1765 iidem
717 1714 793 1763 sunt
813 1701 847 1762 in
867 1701 1152 1784 praecedentibus,
1209 1721 1283 1762 rum
1312 1713 1422 1764 tamen
1445 1723 1555 1766 unum
1592 1714 1753 1768 memorat
1786 1698 1956 1766 laudatum

409 1824 477 1867 non
493 1804 799 1888 iniquepropterea
816 1802 1151 1888 tribuetnrilmyntae
1208 1802 1337 1890 ,saepius
1366 1823 1510 1866 marmor
1534 1803 1741 1886 Aneyranum
1770 1802 1831 1864 tub
1854 1799 1957 1865 Tibe·

409 1903 556 1970 Galatiae
576 1905 663 1988 regt',
699 1902 777 1966 Fuit
800 1903 854 1966 hic
869 1904 1025 1987 Amyntas
1045 1905 1152 1969 scriba
1207 1903 1443 1987 riopesitumt
1464 1897 1807 1970 ΠΤΛΑΙΜΕΝΗΣ.
1823 1897 1956 1965 ΒΑΣΙ·

408 2005 559 2089 Deiotari
584 2004 729 2068 Galatiae
758 2004 869 2088 regis,
900 2025 1006 2090 aquo
1035 2007 1152 2070 misane
1207 1998 1359 2069 ΛΕΩΣ.
1379 2051 1383 2058 .
1405 2001 1653 2070 ΑΜΤΝΤΟΤ.
1694 1999 1812 2070 11οΣ
1846 2003 1956 2069 dictus

409 2127 484 2171 cum
502 2105 629 2170 auxiliis
650 2103 896 2170 aduniamur
914 2107 1079 2184 cassiam,
1101 2107 1152 2172 his
1207 2103 1290 2170 atico
1322 2107 1536 2191 Pylucmcucs
1560 2125 1752 2192 quacunque
1782 2105 1824 2171 de
1856 2127 1955 2170 causa

407 2208 502 2274 victis
524 2207 739 2272 invictorum
761 2220 870 2289 partes
891 2208 1152 2274 transivitfro·
1207 2206 1401 2270 exzuomine
1429 2227 1546 2291 regum
1567 2205 1820 2291 Paphlagoniae.
1860 2205 1978 2284 Caua

406 2311 544 2374 meritus
573 2307 675 2393 igitur
702 2308 743 2373 ab
763 2309 931 2386 Antonio,
959 2323 996 2370 ut
1019 2324 1150 2375 mortuo
1208 2327 1312 2390 ergo,
1341 2321 1378 2370 ut
1402 2307 1489 2385 dixi,
1521 2327 1637 2370 numua
1655 2309 1759 2392 ,prior
1788 2310 1953 2392 Amyntae

407 2413 568 2494 Deiotaro
588 2409 734 2474 Galatiae
766 2409 919 2494 princepe
953 2409 1062 2474 addita
1086 2413 1151 2494 Ly·
1208 2407 1250 2470 ob
1277 2423 1471 2472 memoratas
1496 2429 1608 2472 caunas
1633 2411 1792 2494 Amyntae
1813 2407 1955 2476 Galatae

407 2513 540 2580 cauriae
568 2509 838 2595 etPamphyliae
868 2523 984 2594 parte,
1007 2511 1149 2606 denique
1206 2506 1293 2572 haud
1335 2509 1433 2572 dubie
1468 2510 1510 2574 sit
1546 2509 1780 2588 tribuendus(
1798 2512 1955 2596 ejusdem

406 2615 505 2680 otiam
525 2613 620 2697 regio
643 2611 756 2688 titulo,
781 2611 959 2675 diceretur.
1002 2614 1149 2680 inbelle
1206 2609 1304 2674 etiam
1341 2625 1437 2674 eruut
1471 2609 1537 2676 tino
1573 2614 1756 2696 postremi,
1796 2615 1956 2700 quoniam

406 2714 497 2780 civili
532 2725 663 2798 partes,
703 2725 739 2775 ut
770 2725 982 2796 oportuerat,
1013 2717 1150 2780 Antonii
1206 2711 1352 2793 ejusdem
1381 2711 1516 2776 nationis
1553 2713 1756 2798 epigraphen
1793 2715 1953 2783 offerunt.

406 2827 537 2882 secutus
568 2827 644 2898 post
680 2813 809 2880 cladem
837 2813 879 2877 ad
897 2815 1030 2888 ¹Actium
1053 2817 1150 2882 Octa-
1205 2813 1256 2876 De
1288 2832 1387 2876 numo
1418 2813 1523 2878 altero
1552 2835 1627 2880 cum
1656 2828 1733 2899 typo
1767 2819 1861 2881 cerri
1894 2840 1953 2882 no·

403 2919 500 2984 riano
522 2914 696 2980 confestim
716 2935 790 2980 seso
809 2915 976 3000 applicuit.
1013 2919 1149 3002 Aliquot
1205 2915 1270 2978 tavi
1293 2914 1399 3000 aliqua
1415 2915 1449 2976 in
1468 2917 1576 2981 numia
1590 2920 1762 3002 Moagetae
1788 2917 1879 3004 rogia
1900 2921 1954 2986 Gi

398 3031 484 3102 ,post
503 3015 595 3084 anuis
616 3013 732 3084 uncte
751 3016 908 3084 muliebri
928 3018 1027 3106 perit.
1056 3023 1147 3092 Haec
1204 3015 1303 3102 1.)va
1321 3015 1494 3102 Phrlssiw·

796 3579 1531 3668 '‘CAPPAD'OC'I'A.

402 3899 641 4006 Autonomum
673 3943 772 4006 totius
793 3943 923 4028 gentis,
951 3943 1141 4032 inscriptum
1197 3949 1340 4033 primum
1357 3950 1516 4025 Mazuca,
1536 3947 1656 4013 deinde
1668 3947 1851 4012 Eusebiae
1867 3969 1954 4035 quo·

400 4035 614 4106 Kannno
636 4063 718 4108 uuus
733 4042 883 4112 Goltzius
901 4044 1002 4114 dedit.
1020 4043 1023 4049 ’
1198 4050 1272 4116 dam
1282 4049 1465 4127 Ariarathe,
1486 4069 1547 4114 seu
1561 4047 1795 4124 Ariobarzane,
1813 4049 1872 4133 qui
1883 4051 1955 4114 Eu·

1198 4151 1286 4218 achis
1305 4171 1429 4217 nomen
1453 4149 1581 4227 tulero,
1611 4149 1754 4234 denique
1780 4151 1955 4216 Caesarea

477 4275 729 4357 cunstitui,
752 4283 834 4347 olim
854 4283 1055 4355 uvsussta
1197 4254 1376 4332 u'l'iberio,
1389 4266 1429 4317 -ut
1444 4253 1516 4320 veri
1531 4251 1815 4329 simillimum-est,
1834 4273 1954 4338 quarn.

1197 4355 1247 4420 ris
1262 4355 1453 4422 dissentiant
1469 4354 1584 4438 aliqui,
1604 4367 1642 4420 ut
1657 4351 1774 4421 videre
1791 4365 1844 4416 est
1858 4353 1956 4440 apud

452 4447 532 4510 'Sita
549 4445 727 4531 alipedem
745 4449 863 4514 montis
885 4453 1031 4539 Argaei,
1054 4453 1141 4520 dictu
1199 4457 1397 4538 cellarium,
1426 4470 1460 4521 et
1482 4455 1663 4541 seguinum
1686 4455 1730 4538 ἃ).
1760 4455 1954 4520 Constanti·

407 4589 1948 4626 ----—------.......--------

436 4669 878 4754 aluist.1ult².11tp...nau
951 4677 992 4752 b)
1006 4681 1089 4741 Tam.
1106 4681 1129 4746 1.
1148 4693 1251 4761 pmcne
1327 4681 1582 4758 c)1>10LLlll
1603 4685 1683 4756 §26
1703 4680 1953 4746 Strabonum.

396 4765 641 4837 uuest-m
717 4761 1042 4846 c)5e1-num.p..so
