4196 5458
408 475 541 620 'aaa
640 587 650 598 .
815 519 1654 626 ,ttvutsummetur-wituella.

473 723 553 788 quos
569 704 776 767 Ncumanuus
798 718 911 767 noster
925 705 1096 788 possidet,
1116 705 1208 768 lucuss
1265 707 1334 782 eia,
1355 719 1392 767 ut
1413 727 1526 770 omnes
1547 711 1728 784 noverunt,
1748 728 1862 792 rogum
1883 695 1979 772 Seleu·

470 807 594 870 lentum
619 817 744 882 fastuum
774 807 947 870 exhibent.
1000 805 1216 902 Quod'verol
1265 807 1408 870 cidarum
1431 822 1576 887 tessera,
1604 831 1665 894 qua
1687 808 1846 871 hocloco
1872 809 1978 896 signan-

470 907 552 974 illud
587 907 752 970 nonnullis
791 921 844 968 aut
873 921 970 984 rota,
1000 923 1054 970 aut
1087 927 1208 971 corona
1266 909 1469 992 da'proiiteri
1492 912 1578 972 visus
1598 909 1841 986 estlonatbau,
1861 912 1978 974 Alexan

470 1011 573 1076 visum
596 1024 662 1086 ost,
684 1008 763 1070 lecit
785 1009 926 1070 circulus
948 1011 1082 1071 extimas
1104 1007 1209 1072 radio·
1266 1010 1360 1072 drum
1392 1031 1411 1073 e
1439 1012 1573 1075 'Seleuci
1602 1011 1758 1095 sanguine
1797 1026 1976 1093 prognatum,

469 1133 541 1175 rum
562 1126 671 1193 partes
687 1111 851 1184 ambiens,
874 1109 932 1172 sed
952 1125 985 1171 et
1002 1111 1054 1172 hic
1071 1111 1104 1170 in
1123 1111 1209 1172 simi·
1265 1133 1361 1195 quem
1379 1113 1413 1173 in
1430 1113 1591 1175 illustrem
1609 1113 1691 1174 hane
1709 1113 1842 1194 stirpem
1863 1133 1917 1192 per
1935 1133 1978 1174 uo-

468 1214 493 1274 li
510 1212 692 1278 Neomanni
712 1233 863 1274 ancoram
882 1213 981 1294 partis
1000 1211 1122 1276 amicae
1144 1235 1210 1276 am·
1264 1215 1312 1278 ias
1333 1215 1491 1276 intrusum
1504 1213 1686 1300 'communis
1703 1225 1774 1272 tum
1794 1210 1977 1296 screbatopi·

469 1317 536 1390 bit,
564 1313 730 1396 eujusille
756 1334 882 1376 causam
904 1315 959 1376 uni
978 1315 1148 1376 mo'netarii
1170 1316 1208 1378 li·
1264 1319 1330 1383 nio.
1375 1319 1419 1377 At
1456 1315 1574 1378 horum
1617 1315 1763 1377 omnium
1797 1313 1975 1394 ‘conjecturis

467 1417 677 1478 bidinirecte
695 1417 840 1497 imputat.
1264 1419 1419 1483 adversus
1446 1416 1603 1500 Bayerius
1638 1417 1857 1500 nequaquam,
1883 1413 1975 1497 ajebat,

455 1527 462 1542 “
532 1515 764 1610 Quaerendum
796 1517 933 1596 deinde,
972 1519 1043 1602 quis
1074 1517 1206 1580 sitAle·
1263 1522 1296 1580 in
1315 1521 1365 1582 his
1384 1513 1489 1608 numia
1508 1519 1560 1601 agi
1579 1516 1620 1579 de
1637 1515 1828 1578 Alexandro
1849 1517 1974 1600 quopiam

467 1619 613 1696 xauder,
643 1641 740 1702 quem
763 1621 853 1681 numi
878 1621 912 1680 bi
937 1620 1059 1682 diserte
1086 1639 1208 1682 memo·
1264 1635 1399 1697 extero,
1420 1620 1479 1684 sed
1497 1621 1567 1700 ejus
1588 1617 1732 1680 nominis
1749 1637 1829 1701 rege
1850 1615 1974 1680 domesti-

466 1736 552 1788 rant.
594 1721 743 1795 Primus,
774 1721 848 1804 qui,
878 1721 1045 1797 nifallor,
1073 1741 1205 1782 numum
1263 1743 1327 1800 co,
1361 1723 1514 1784 nimirum
1542 1718 1597 1784 vel
1636 1720 1828 1782 Alexandro
1861 1721 1973 1782 lanuaeo

466 1825 606 1888 similem
646 1821 881 1906 promulgavit,
908 1809 1093 1884 Frdlicliius
1130 1841 1205 1884 eum
1263 1826 1412 1887 lobannis
1437 1821 1580 1906 Hyrcani
1602 1817 1778 1898 filio,'vel
1797 1819 1892 1882 altero
1914 1819 1973 1882 dle·

464 1925 654 1990 Alexandro
677 1923 788 2006 Syriae
810 1924 901 2006 regi,
924 1923 1068 1986 incertus
1087 1935 1204 2000 tamen,
1262 1927 1386 1989 xandro
1413 1911 1592 1998 Aristobuli
1608 1925 1649 1988 11.
1672 1921 1767 1998 lilio,
1789 1921 1841 2005 qui
1862 1943 1878 1981 a
1898 1921 1972 1982 Pon·

464 2027 633 2110 primone,
655 2048 696 2088 an
720 2024 884 2101 seeundo,
906 2005 1092 2106 adscripsit,
1122 2025 1204 2087 nibil
1261 2029 1338 2111 pejo
1375 2031 1421 2092 tt.
1457 2049 1519 2089 uua
1547 2047 1621 2088 cum
1651 2037 1749 2107 patre
1781 2023 1905 2086 Romam
1931 2021 1970 2084 ab

464 2129 507 2192 de
528 2129 649 2193 lubrica
677 2127 804 2190 Iudaica
831 2125 1027 2208 auspicatus,
1061 2126 1147 2208 quod
1169 2127 1202 2188 iu
1262 2131 1377 2193 ductus
1400 2129 1490 2190 salsis
1514 2146 1573 2210 per
1594 2127 1659 2188 iter
1686 2124 1868 2188 custodibus
1889 2124 1917 2183 iu
1933 2123 1970 2182 lu·

465 2251 523 2294 suo
539 2231 655 2294 literae
673 2228 870 2318 peregrinae
887 2227 965 2290 astri
986 2227 1084 2290 radiis
1103 2229 1203 2290 inter·
1261 2225 1542 2294 daeam'reversus
1559 2227 1760 2311 aliquamdiu
1777 2228 1878 2290 turbas
1891 2223 1967 2296 dedit,

462 2345 577 2416 ceptae
614 2333 745 2394 oculum
775 2330 930 2413 sugerunt
952 2329 991 2408 ⁸).
1035 2332 1203 2393 Bartltele·
1248 2335 1366 2396 donec
1394 2331 1579 2417 a·Gabinio
1604 2330 1639 2392 in
1665 2331 1814 2393 ordinem
1847 2327 1968 2390 redactus

461 2457 555 2518 myus
586 2447 620 2496 et
649 2432 867 2510 Pellerinius,
899 2431 988 2516 quod
1015 2431 1120 2494 literis
1151 2434 1201 2496 his
1259 2433 1367 2517 estd).
1454 2512 1457 2523 y
1617 2419 1620 2424 Ι

461 2538 660 2598 Ionorlrunr's
680 2557 802 2598 nomen
833 2534 1048 2618 perscriptum
1085 2534 1200 2617 legere
1320 2531 1399 2598 Dixi
1420 2557 1538 2618 supra,
1572 2535 1606 2594 iu
1628 2547 1724 2617 parte
1747 2553 1854 2599 aversa
1873 2531 1964 2594 borum

461 2641 626 2714 visisunt,
649 2639 792 2721 signatos
814 2636 874 2698 bos
895 2637 927 2696 iu
950 2634 1068 2698 Iudaea
1085 2657 1201 2698 numos
1258 2659 1428 2702 numurum
1445 2637 1528 2698 intra
1545 2637 1623 2698 astri
1644 2637 1757 2700 radios
1777 2631 1919 2698 contineri
1937 2631 1965 2690 li·

462 2751 660 2812 statuerunt,
683 2739 905 2820 scriptumque
927 2737 960 2798 in
982 2738 1084 2798 altera
1111 2740 1201 2798 numi
1257 2755 1344 2802 teras
1362 2739 1593 2814 Samaritanae,
1616 2759 1702 2823 quae
1723 2737 1840 2818 judicio
1856 2733 1964 2795 Butle-

459 2842 576 2925 pagina
602 2859 722 2907 nomeu
744 2837 922 2900 Alexandri
941 2840 966 2902 1.
990 2837 1081 2919 Syri,
1113 2838 1200 2922 quod
1256 2841 1781 2924 lemyietPelleriniiIonutlrcn
1803 2835 1962 2920 significant.
2067 2823 2068 2896 Ῐ

459 2943 579 3008 abhoc
595 2939 747 3003 louatban
764 2939 868 3001 dictus
889 2951 940 3001 est
960 2959 1105 3010 summus
1121 2961 1201 3023 pou·
1256 2945 1305 3005 Ac
1333 2943 1582 3026 Bartbelemyus
1617 2941 1753 3024 quidem
1794 2957 1856 3000 nou
1885 2933 1961 2998 modo

457 3047 540 3109 tifex
561 3057 595 3106 et
614 3041 755 3120 amicus,
784 3055 818 3104 ut
836 3055 949 3104 auctor
970 3039 1047 3102 libri
1064 3042 1089 3106 1.
1111 3044 1198 3105 illac&
1252 3043 1357 3106 multo
1380 3043 1485 3106 serius
1513 3058 1662 3109 veterem
1686 3063 1776 3103 suam
1803 3039 1960 3102 sententian
2020 3095 2024 3106 ,

460 3145 553 3210 chub.
580 3165 649 3226 cap.
672 3165 709 3204 ro
731 3156 868 3206 testatur
890 3139 935 3224 b).
977 3144 1105 3206 Horum
1126 3164 1199 3206 sen·
1253 3147 1340 3209 tueri
1357 3145 1522 3227 perrexit,
1544 3143 1603 3208 sed
1625 3157 1761 3206 testatus
1781 3142 1900 3224 insuper
1916 3151 1960 3212 est,
2067 3143 2068 3146 ’

457 3249 578 3310 tentiae
616 3264 816 3310 accesseram
854 3264 943 3326 ego,
977 3259 1011 3308 et
1047 3245 1196 3327 proxime
1254 3247 1380 3312 oblatos
1415 3246 1477 3308 sibi
1511 3245 1611 3309 fuisse
1648 3265 1783 3320 nosnos,
1813 3239 1960 3324 inquibus
2067 3311 2068 3316 γ

457 3353 667 3414 Neumannus
683 3348 725 3430 c)·
751 3349 794 3408 Et
819 3345 996 3408 suadebant
1016 3345 1101 3408 istud
1125 3368 1197 3410 cau·
1253 3348 1437 3414 Ionathanis
1451 3348 1574 3410 nomini
1592 3368 1716 3411 nomeu
1733 3343 1815 3409 aliud
1829 3348 1905 3426 regis
1918 3340 1959 3401 ad·

458 3473 513 3518 tte
544 3470 620 3514 sano
648 3447 853 3532 probabiles,
890 3469 928 3510 ⁸0
957 3449 1096 3530 Primum
1128 3449 1198 3532 qui·
1252 3455 1373 3536 jectum
1396 3451 1547 3533 reperit,
1584 3449 1708 3532 scripto
1733 3447 1873 3508 nimirum
1893 3443 1959 3503 iuter

458 3555 534 3618 dem
564 3566 673 3614 mutua
696 3549 783 3610 iuter
811 3563 983 3633 utrumque
1013 3550 1196 3633 principem
1252 3553 1361 3617 radios
1379 3527 1458 3666 ᾖ)
1479 3559 1607 3658 'mg-p
1622 3551 1827 3612 seronatum
1843 3545 1959 3617 Mrkcl,
2067 3581 2068 3634 7

458 3647 618 3731 amicitia,
655 3670 793 3736 eumque
835 3653 988 3714 Ionatheu
1027 3651 1197 3715 confirma·
1254 3653 1434 3726 (Ionatltan
1457 3663 1543 3726 rer.)
1573 3650 1667 3734 Lege
1687 3650 1768 3712 haee
1786 3671 1804 3709 a
1822 3648 1885 3710 viro
1904 3665 1959 3707 ero·
2067 3705 2068 3728 ,

458 3773 527 3823 tum
563 3751 767 3842 pontificatus
802 3753 853 3835 jus
881 3752 1068 3818 Alexandro
1099 3753 1196 3817 debe·
1253 3756 1321 3820 dito
1359 3753 1476 3818 tradita
1521 3750 1562 3814 ad
1614 3754 1740 3816 calcem
1768 3747 1957 3816 vindiciarum
2049 3746 2052 3760 '

456 3876 530 3937 ret,
561 3858 675 3921 eadem
689 3855 820 3918 ⁴ratione
844 3853 948 3920 videri
974 3857 1080 3940 potuit
1107 3857 1196 3939 regis
1251 3857 1400 3938 Bayerii,
1423 3875 1461 3918 ac
1478 3853 1618 3936 primum
1640 3853 1672 3915 ia
1692 3875 1748 3915 sua
1762 3851 1801 3914 ad
1817 3848 1958 3933 Bayeriuu
2067 3935 2068 3944 ἵ

456 3959 679 4045 praepotentis
709 3971 743 4022 et
770 3957 812 4020 de
842 3977 878 4018 se
899 3956 984 4020 bene
1007 3957 1117 4020 meriti
1138 3977 1197 4020 no·
1253 3957 1391 4042 epistola
1409 3957 1527 4040 p.lV.,
1550 3955 1670 4019 deinde
1694 3951 1956 4037 inadjectaaltera

456 4083 534 4126 meu
556 4062 590 4122 in
617 4073 748 4123 moneta
776 4080 834 4121 sua
855 4059 1012 4136 sociasse,
1041 4080 1102 4142 qua
1123 4058 1197 4119 sub·
1253 4059 1390 4142 epistola
1418 4058 1460 4121 ad
1485 4071 1637 4122 auctores
1658 4057 1751 4120 diarii
1765 4053 1895 4118 Journal
1914 4052 1957 4109 das
2067 4131 2068 4136 η

456 4163 535 4227 inde
557 4183 655 4246 reges
676 4162 827 4236 Ciliciae,
848 4160 965 4235 Ponti,
986 4157 1127 4242 Bospori
1152 4171 1196 4220 at·
1255 4164 1402 4244 Spanum
1431 4181 1505 4243 pag.
1525 4159 1731 4234 XV.·-XV1.,
1761 4157 1812 4219 ubi
1835 4167 1865 4218 et
1887 4147 1955 4212 numi

456 4255 522 4352 igue
548 4265 645 4328 etiam
671 4263 809 4328 Iudaeae
833 4263 1053 4323 Romanorum
1079 4261 1197 4344 prinei·
1252 4262 1426 4346 imaginem
1448 4281 1636 4344 expressam
1657 4260 1768 4324 babes.
1802 4347 1804 4350 Ι
1951 4264 1956 4272 ’

457 4387 537 4448 pum
567 4366 674 4432 tultus
703 4377 757 4427 aut
786 4363 916 4426 nomina
938 4377 1087 4436 monetae
1118 4383 1196 4426 suae
1325 4365 1407 4425 Cum
1435 4382 1563 4425 causam
1591 4361 1719 4424 dubiam
1750 4358 1953 4442 implexamque

459 4470 702 4532 commiserunt.
744 4466 878 4529 Causam
910 4465 1074 4548 promovit
1101 4485 1198 4528 anco-
1252 4463 1408 4529 habemus
1431 4463 1655 4549 tractandam,
1670 4460 1774 4538 aliud,
1799 4455 1878 4544 quod
1896 4472 1953 4517 cum
2067 4487 2068 4530 t

457 4589 495 4631 xa
512 4568 692 4632 Alexandri
716 4567 841 4630 nomini
869 4565 1039 4644 aderitum,
1068 4565 1197 4652 gentili·
1252 4567 1380 4630 ratione
1407 4585 1557 4650 agamus,
1586 4585 1651 4629 non
1673 4550 1834 4646 superest}
1858 4556 1910 4622 uisi
1925 4568 1953 4616 ut
2067 4647 2068 4650 Ἴ

494 4771 525 4842 a)
546 4773 651 4830 Annal.
670 4775 733 4851 Syr.
751 4779 837 4852 p.67·
911 4773 947 4848 b)
965 4775 1057 4834 chc.
1131 4775 1162 4845 c)
1182 4773 1273 4836 ltcc.
1346 4773 1382 4846 d)
1402 4771 1723 4850 Num.Hebr.p·198.
