4238 5460
444 567 493 644 92
552 549 556 554 ·
1120 545 1314 618 tunm.
1356 641 1360 646 Ι

446 716 569 800 Lydiae
593 715 735 796 inaeuui,
757 715 920 802 quianam
940 713 1114 779 Hierocles
1141 715 1188 778 in·
1308 709 1484 780 nHMOC.
1506 715 1613 797 Caput
1624 715 1782 793 juvenile.
1804 709 1982 781 ΞΑῘῙΟΛ-
2087 669 2088 678 ¹

443 835 496 884 ter
525 821 638 904 plut-eo
666 819 745 884 aliae
772 816 896 901 Lydiae
920 817 1018 882 orbec
1046 838 1189 889 comme·
1245 811 1531 882 ΛΩΝΙΑΤΩΝ.
1550 815 1706 880 Bocchus
1720 829 1826 882 stans.
1846 819 1913 885 AE.
1926 823 1962 882 11.

443 935 567 1000 morat,
598 936 632 984 et
659 922 692 983 in
716 921 776 984 lrac
800 919 920 984 multae
946 919 1080 984 luerunt
1105 919 1188 984 aliae
1308 917 1424 982 ludicii
1446 937 1541 981 cauca
1565 917 1772 997 Pelleriuio,
1797 939 1862 1004 quo
1884 921 1982 986 minuc
2087 919 2088 926 '

444 1025 499 1089 vix
516 1023 649 1086 nomine
669 1037 781 1101 uotae,
804 1037 841 1086 at
860 1021 1112 1106 a·acriptoribua
1133 1045 1189 1107 pe-
1237 1040 1303 1085 ’σοι
1324 1019 1460 1098 urbibua
1481 1019 1686 1104 homonymia
1708 1021 1835 1099 Ioniae,
1857 1023 1979 1102 mma,

443 1125 529 1189 nitus
550 1127 757 1218 praeteritae.
788 1124 899 1188 acha·
922 1125 1089 1202 Reatinae,
1117 1125 1187 1209 ipae
1245 1123 1366 1206 Lyciae
1386 1121 1566 1198 tribueret,
1590 1123 1768 1204 exstiterit,
1794 1123 1882 1210 quod
1900 1127 1983 1188 numi

444 1249 575 1315 quoque
596 1241 771 1310 utrumque
793 1229 878 1290 hunc
900 1247 1033 1289 numum
1051 1227 1085 1288 in
1105 1227 1187 1310 judi·
1245 1225 1440 1308 Apolloniae
1467 1225 1577 1287 lonioe
1600 1223 1822 1290 inscribuntur
1844 1223 1982 1290 ΑΠΟΛ-

444 1331 529 1393 eium
552 1347 672 1394 vocam
694 1349 769 1394 ease
788 1328 968 1404 Aenianum
984 1331 1187 1396 Acarnaniae
1245 1321 1503 1403 emmeant,
1526 1325 1642 1390 Cariae
1666 1345 1746 1394 vero
1771 1327 1873 1392 urbea
1895 1329 1984 1392 raria-
2087 1405 2088 1414 ἵ

444 1445 609 1496 monetam
629 1451 804 1516 perperam
819 1431 963 1515 conjecit
983 1435 1025 1515 ⁸).
1051 1465 1056 1486 ι
1246 1427 1328 1494 aime
1346 1417 1534 1510 praetorem
1559 1427 1718 1512 produnt,
1746 1429 1869 1512 Lyciae
1892 1435 1983 1516 magi·

479 1522 483 1530 ¹
510 1535 589 1598 Ae.
608 1535 745 1598 ΚΒΜ.
1246 1541 1382 1592 atratum
1396 1528 1533 1626 nnllam.
1555 1531 1630 1624 Qua
1647 1529 1690 1594 de
1706 1551 1803 1595 cauea
1815 1551 1878 1615 pro
1892 1554 1982 1596 numo

1243 1632 1352 1706 altero
1373 1631 1508 1714 Lydiam
1532 1632 1701 1711 maluerit,
1729 1633 1863 1717 ignoro.
1897 1634 1982 1698 Cete-

702 1773 768 1837 ΑΝ
778 1773 914 1842 OLVS
1245 1755 1320 1796 rum
1338 1735 1428 1796 numi
1445 1733 1639 1816 Apolloniae
1661 1739 1783 1800 nomen
1801 1736 1983 1820 praelerea-

918 1819 926 1840 ’
1245 1849 1295 1900 tea
1324 1835 1456 1900 eaedem
1481 1835 1626 1922 offerunt
1649 1837 1878 1916 difficultatea,
1912 1861 1981 1925 qnae

505 1943 615 2005 Auold
640 1941 763 2024 Lydiae
790 1941 945 2005 Combiuc
973 1941 1067 2008 biom
1095 1957 1192 2008 nuto·
1245 1939 1336 2003 numi
1354 1939 1537 2004 Heracleae
1558 1941 1702 2005 nomine.

443 2065 558 2107 nomos
581 2045 802 2108 Hunterianoa
827 2043 960 2121 tribuit,
990 2046 1023 2107 in
1049 2065 1188 2136 qnorum

398 2149 402 2156 '
443 2165 577 2209 aversae
606 2145 714 2210 media
741 2167 820 2210 area
850 2147 1025 2232 scriptum:
1063 2145 1185 2214 ΑΝΩ.

443 2247 597 2310 adatituto
611 2247 738 2332 palmae
757 2268 858 2312 ramo.
880 2249 1000 2312 Parum
1019 2249 1102 2314 baec
1121 2271 1189 2314 om·
1306 2246 1473 2334 Mamaeae
1489 2246 1683 2314 Vaillautiua
1703 2245 1766 2310 lrue
1782 2245 1900 2324 refert,
1919 2269 1982 2311 cre·

443 2349 496 2411 nia
514 2369 556 2414 ex
572 2363 723 2414 monetae
739 2351 864 2434 Lydiae
882 2351 1027 2436 ingenio.
1050 2351 1117 2415 Sed
1133 2373 1189 2416 ex·
1244 2344 1288 2410 do
1311 2361 1447 2432 propter
1465 2347 1656 2434 inscriptum
1676 2345 1775 2440 ch.
1797 2343 1985 2410 ΑΓΑΘΕΙ-

1451 2108 1780 2192 Imperatorium

442 2465 609 2534 pectamur
636 2452 798 2528 rationes,
833 2474 917 2537 quae
944 2453 1050 2516 virum
1079 2454 1188 2518 crudi·
1245 2445 1370 2527 NOT.,
1394 2463 1431 2514 nt
1449 2449 1590 2516 diximus
1606 2453 1639 2514 iu
1658 2450 1853 2517 autonomia.
1873 2451 1937 2514 Rea
1952 2450 1982 2511 iu
2087 2477 2088 2486 ¹

443 2565 510 2614 tum
530 2573 747 2637 permovere,
770 2567 804 2616 at
824 2553 876 2618 hie
897 2555 1044 2620 sentiret.
1243 2549 1408 2638 ambiguo.

648 2755 1052 2858 necatorem.¹
1243 2788 1982 2872 aeounonrs‚aronnou1nna
2087 2825 2088 2874 3

448 2973 451 2982 ’
506 2957 543 3019 Si
575 2958 753 3022 Cellarium
790 2959 959 3038 audimua‚
998 2961 1088 3026 nulla
1123 2963 1186 3027 tute
1304 2959 1459 3024 Straboni
1481 2961 1569 3024 inter
1591 2961 1789 3046 Pergamum
1811 2975 1847 3025 et
1868 2960 1983 3024 Sardes

444 3071 534 3122 certa
559 3059 623 3124 hoc
649 3062 781 3125 nomine
805 3062 882 3126 urba
904 3064 936 3124 in
956 3062 1075 3147 Lydia,
1100 3079 1133 3128 et
1157 3063 1185 3128 ai
1242 3072 1294 3126 eat
1320 3059 1518 3141 Απολλῳνις,
1551 3083 1593 3127 ex
1619 3081 1684 3150 quo
1711 3061 1983 3152 gignendiflcauua

444 3178 506 3243 qua
523 3183 541 3222 a
560 3162 796 3244 posterioribua
816 3165 1014 3260 geographia
1037 3167 1114 3230 huic
1138 3167 1186 3228 in·
1242 3155 1474 3238 Απολλωηδος.
1510 3165 1763 3250 Apolloniden,
1782 3178 1827 3254 'et
1849 3165 1985 3246 Apollo·
2087 3213 2088 3222 ,

444 3263 582 3338 aeritur,
612 3259 742 3328 ridetur
767 3265 885 3329 eadem
910 3285 986 3330 eoae
1012 3287 1087 3332 oum
1113 3267 1203 3352 illa„
1242 3265 1394 3328 nidenses
1419 3285 1518 3350 caepa
1543 3265 1690 3330 nominat
1712 3266 1833 3332 Cicero
1857 3266 1892 3328 in
1918 3285 1983 3328 ora·
2087 3263 2088 3286 ¹

443 3379 527 3448 quac
557 3363 677 3428 dicitur
705 3369 904 3448 Apollonis,
935 3369 990 3433 vel
1010 3369 1185 3447 Apolloni·
1240 3366 1330 3431 tione
1351 3387 1412 3452 pro
1432 3368 1574 3448 Flacco,
1602 3370 1900 3451 Apollonidenses
1921 3366 1984 3428 Pli-

444 3469 523 3544 ἄρα,
550 3481 584 3531 et
607 3467 932 3538 venerandarum
955 3491 1012 3533 usa
1033 3471 1185 3534 termina·
1240 3468 1324 3534 uiua.
1364 3471 1593 3552 Apolloniden
1620 3469 1813 3553 iuocriptum
1842 3481 1894 3534 eat
1918 3467 1983 3532 basi

442 3567 542 3631 tione.
581 3569 764 3651 Stephanus
789 3571 995 3656 Apolloniam
1022 3573 1055 3634 iu
1081 3573 1183 3656 Lydia
1238 3569 1361 3636 ooloaai
1382 3571 1452 3634 uoti
1474 3570 1658 3648 Tiberiani,
1685 3574 1876 3654 Apollonio
1900 3571 1982 3642 Die,

443 3669 629 3746 constituta,
642 3671 700 3734 ced
714 3673 962 3757 Apolloniden,
981 3675 1035 3738 vel
1049 3675 1184 3760 Apollo·
1239 3685 1390 3758 tanquam
1407 3671 1583 3737 distinctae
1604 3673 1688 3739 duae
1709 3673 1808 3738 urbee
1829 3671 1982 3744 luissent,

443 3771 581 3850 uideam,
599 3773 640 3837 de
658 3775 773 3860 quibua
790 3793 867 3838 mox
882 3775 976 3850 inira,
994 3776 1183 3846 dissimulat.
1241 3773 1362 3862 legitur
1387 3777 1421 3838 in
1446 3775 1604 3840 chronico
1623 3775 1819 3858 Hieronymi
1841 3773 1984 3856 Scalige-

443 3871 640 3940 Pelleriniua
656 3889 763 3944 tamen
779 3878 844 3942 bae
862 3891 955 3945 vocat
972 3893 1147 3965 aequente·
1239 3877 1349 3954 mano,
1368 3899 1430 3963 pre
1447 3899 1513 3964 quo
1530 3877 1692 3942 cellarius
1710 3875 1893 3960 legendum
1911 3893 1984 3938 ceu·

1238 3993 1291 4043 aet
1307 3981 1541 4062 Apolloniden,
1558 3993 1593 4044 et
1606 3980 1641 4043 in
1657 3999 1782 4044 comma
1795 3988 1895 4043 uuam
1913 3995 1985 4040 eun·

1236 4081 1381 4168 demque
1396 4099 1473 4146 esce
1489 4082 1623 4160 urbem,
1645 4104 1729 4170 quae
1748 4082 1854 4167 posita
1871 4079 1906 4142 in
1922 4073 1984 4160 Ly'·

670 4117 957 4182 Autonomos:
1239 4182 1292 4247 dia
1313 4183 1354 4247 ab
1377 4182 1449 4249 aliia
1471 4185 1676 4266 Apollonia,
1703 4197 1759 4248 aut
1782 4183 1982 4266 Apollonis,

506 4275 625 4344 IePA.
641 4273 937 4346 CTNKAHTOC.
961 4285 1067 4366 Caput
1083 4285 1182 4348 Seno·
1236 4299 1292 4348 aut
1322 4285 1548 4370 Apolloniden
1576 4285 1706 4354 dicitur.
1748 4285 1864 4361 Numi,
1885 4299 1983 4366 φοι
2087 4355 2088 4360 1

444 4393 509 4444 tus.
538 4373 845 4445 txaPMIAttc.
872 4377 1177 4452 NGlKOCTPAT.
1236 4408 1312 4450 mox
1335 4407 1534 4471 proponam,
1557 4389 1721 4474 inscripti:
1753 4379 1983 4452 ΑΠΟΛΛΩ-

442 4475 744 4546 ΟΤΡΑΤΗΓΩΝ.
763 4475 1181 4555 ΑΠΟΛΛΩΝΙΑΤΩΝ.
1237 4486 1425 4554 ΝῙΔΕΩΝ
1461 4488 1595 4554 lectioni
1622 4493 1854 4576 Apolloniden
1882 4484 1984 4572 pluri·

442 4585 590 4646 Fortuna
606 4597 711 4648 stans.
726 4583 802 4646 ΔΕ.
816 4585 856 4646 11.
1235 4609 1323 4652 mum
1345 4589 1466 4656 faueat.

478 4790 507 4856 a)
526 4785 645 4846 Lettere
660 4791 694 4846 Τ.
703 4790 757 4850 111.
772 4803 875 4868 p.139.
