4286 5478
537 522 1055 608 utut-rutuotrvnt
1086 527 1367 622 troarne.
1648 533 1721 619 aar
1802 627 1804 634 ,

178 690 533 770 ἲΓᾹΙΩ.ΚΛ1ΣΑ.
552 689 695 766 ΓΕΡΜ.
712 691 817 768 ΣΕΒᾹ
830 700 924 765 intio
978 699 1144 786 reperim
1176 701 1214 766 t'o
1239 699 1380 767 eredidit
1402 700 1562 769 Frenetui
1584 709 1722 788 reperto

178 809 341 872 luuram.
385 803 454 868 ΔΕ.
464 803 521 868 111.
743 825 747 834 ·
978 801 1096 866 libello
1113 802 1214 887 iptiun
1232 803 1383 868 Gnilaudi
1400 825 1498 869 mauu
1515 818 1668 881 axurnto,
1686 803 1723 865 iu

242 907 342 988 Nunti
360 905 416 985 bi,
434 925 476 970 ex
495 901 826 990 quodeteotiiuere,
847 921 924 968 oon·
980 921 1046 988 quo
1056 901 1095 965 ‘ie
1108 902 1237 982 refert,
1259 905 1341 985 tibi,
1362 904 1437 972 oum
1454 906 1656 970 Noiutellum
1675 907 1723 970 lo·

177 1005 272 1074 tinuo
300 1025 427 1072 tommo
456 1005 532 1070 looo
562 1017 637 1067 sunt
666 1003 792 1086 babiti,
834 1003 924 1090 quod
980 1015 1090 1088 gutum
1119 1004 1154 1066 iu
1182 1006 1399 1073 Palaestinam
1423 1009 1658 1086 comitaretur,
1688 1023 1724 1072 et

180 1131 299 1176 eorum
329 1129 394 1196 ope
422 1127 524 1172 annua
553 1108 669 1172 muntia
697 1107 843 1172 Herodis
866 1108 924 1186 M,
980 1105 1067 1190 apud
1081 1105 1333 1173 Hierichuntem
1349 1109 1560 1189 aubriateret,
1578 1110 1760 1175 oblatum·

180 1227 279 1298 utque
303 1212 386 1276 adeo
400 1223 445 1274 ·et
470 1231 571 1274 annua
594 1212 661 1276 nati
684 1208 806 1276 Christi
829 1205 926 1270 adcu-
980 1229 1115 1272 numum
1153 1217 1315 1290 nereum,
1349 1213 1385 1274 in
1412 1213 1504 1295 oujua
1543 1212 1628 1277 iaoie
1660 1207 1726 1275 una'

179 1313 283 1380 tetiua
308 1311 493 1378 innotuerit.
536 1313 633 1376 Tanti
664 1331 746 1396 ergo
768 1307 927 1374 momenti
981 1311 1088 1394 pulmo
1112 1329 1187 1375 eum
1218 1313 1397 1397 epigraphe
1418 1309 1626 1376 HPttnout
1649 1311 1726 1375 ΤΕ-

181 1433 258 1478 oum
274 1413 349 1491 tint,
366 1413 588 1478 neceesarium
606 1411 794 1498 cumprimis
810 1410 926 1487 vitum,
985 1407 1222 1492 TPAPxo'r,
1245 1428 1279 1478 et
1304 1415 1338 1476 in
1361 1433 1438 1478 areu
1455 1409 1546 1492 ΜΔ,
1557 1413 1603 1486 'iu
1620 1413 1726 1478 altera

181 1513 226 1580 de
246 1533 361 1580 eorum
381 1514 447 1578 fido
469 1535 507 1578 ao
532 1516 717 1600 probitate,
748 1525 843 1580 etue
864 1531 927 1596 qun
982 1511 1116 1592 iant-oa,
1144 1512 1180 1576 iu
1200 1515 1292 1599 eujus
1312 1528 1421 1579 temen
1442 1513 1552 1579 medio
1574 1515 1652 1600 quid
1671 1516 1725 1593 eit,

182 1616 273 1682 irruo
291 1615 409 1680 borant
433 1635 562 1681 cantatu
587 1627 836 1701 corrumperet,
865 1633 927 1678 noo
984 1611 1187 1698 distinguere
1216 1615 1287 1700 ipae
1315 1636 1382 1681 non
1412 1615 1529 1700 potuit.
1568 1617 1727 1682 iudicarit

184 1736 258 1784 etto
280 1735 427 1785 aecnroa.
540 1751 541 1758 κ
664 1753 671 1764 ‚
739 1724 745 1736 '
985 1733 1067 1799 ergo
1088 1715 1265 1795 Frenetua,
1291 1716 1380 1782 idem
1403 1719 1594 1803 inscriptum
1621 1717 1725 1782 fuitne

248 1819 300 1898 1⁵,
315 1820 384 1905 ·qui
403 1838 521 1882 annunt
542 1815 627 1900 Mi,
651 1840 712 1885 neu
725 1820 767 1900 43
783 1815 929 1895 exbibet,
984 1817 1143 1896 inurere,
1180 1818 1269 1906 qnod
1306 1819 1340 1881 iu
1377 1841 1476 1886 numo
1513 1819 1728 1904 Rigordieuo,
1792 1831 1795 1838 '

186 1941 272 1986 anuo
292 1921 372 2004 abbo
394 1919 429 1982 in
452 1919 562 1985 lucem
582 1921 727 2006 prodivit
751 1941 794 1986 ex
813 1937 929 1984 munao
985 1939 1123 2004 nempe:
1139 1915 1727 1996 Paltt.ttn12a‚1‘til>tttz·tttt.,

182 2021 339 2106 Rigordii
359 2021 489 2106 patricii
511 2023 736 2092 Matniiieuaia.
775 2020 931 2106 Migratit
986 2041 1094 2107 nequo
1126 2020 1210 2086 adeo
1235 2021 1404 2092 VailIantii
1434 2024 1598 2087 nutriente
1629 2037 1728 2108 poseo

186 2123 308 2188 deindo
331 2124 365 2187 in
387 2143 536 2187 museum
563 2125 596 2190 le
623 2125 727 2203 Bret,
762 2136 799 2188 ut
824 2121 931 2186 refert
986 2121 1021 2184 iu
1043 2121 1177 2186 dubium
1194 2125 1305 2190 rotari
1322 2125 1361 2206 e).
1390 2124 1519 2192 'Verum
1540 2137 1672 2204 metuo,
1692 2133 1731 2188 ut

186 2225 359 2290 Biranrdut
374 2226 424 2307 ¹),
452 2245 495 2290 ex
516 2245 582 2312 quo
600 2246 676 2292 oum
697 2227 775 2291 oitut
799 2243 930 2310 quoque
986 2223 1051 2288 boo
1067 2224 1200 2288 Freneti
1218 2225 1340 2309 judicio
1357 2225 1455 2310 piene
1471 2227 1570 2292 iioeat
1584 2227 1731 2310 requiei*

169 2323 400 2418 tranabat).
428 2329 519 2392 Eum
540 2347 607 2392 nou
627 2329 730 2394 multo
745 2339 820 2412 pont
838 2343 932 2409 prae·
988 2343 1077 2402 oeno.
1122 2325 1216 2392 Subit
1235 2329 1322 2394 enim
1339 2328 1480 2391 animum
1501 2329 1663 2414 auapioio,
1682 2325 1732 2391 ri*

188 2431 282 2494 oleru
306 2427 537 2494 ffietortatioue
574 2429 749 2497 illustravit
781 2427 931 2492 Notitiae
988 2449 1060 2492 num
1080 2429 1241 2495 Galiaudo
1272 2451 1406 2492 numum
1435 2437 1509 2495 'enno
1545 2429 1653 2514 potina
1679 2429 1733 2491 illi

188 2531 300 2616 aperie
329 2531 488 2616 epistolae
519 2531 560 2596 etl
585 2531 723 2617 Pngiunt
749 2529 861 2595 datae:
890 2529 933 2592 do
991 2531 1149 2610 similem,
1171 2551 1270 2618 quem
1288 2533 1441 2615 exvhujna
1462 2531 1605 2596 Herodi·
1626 2529 1734 2594 numia

190 2653 289 2696 numo
320 2633 463 2698 Herodis
490 2635 653 2716 Antipera·
693 2635 820 2702 Varum
847 2629 935 2716 quod
991 2653 1089 2719 aupra
1114 2633 1256 2718 primum
1277 2653 1320 2698 ex
1339 2634 1522 2698 Pelierinio
1537 2647 1577 2698 ot
1596 2631 1734 2696 Bartho-

189 2723 511 2814 iua'utoredebatur,
533 2735 596 2800 etri
619 2755 661 2799 ex
678 2754 765 2800 vero
787 2733 935 2815 erebety·
990 2737 1100 2819 lemyo
1124 2737 1233 2803 citari.
1278 2736 1364 2799 Sane
1391 2737 1419 2798 ri
1445 2733 1596 2802 Galiundi
1622 2733 1735 2802 verbio
1787 2773 1789 2778 ·

184 2841 252 2921 'po,
269 2837 460 2920 scrupulum
477 2837 631 2914 eruditio,
645 2851 743 2920 atque
758 2836 820 2920 ipti
837 2835 935 2899 etiam
992 2837 1123 2902 diuortia
1139 2852 1226 2902 utare
1245 2836 1399 2913 velimus,
1418 2835 1492 2922 pluo
1505 2836 1556 2900 illi
1572 2857 1646 2901 oum
1658 2835 1734 2913 boo,

191 2938 324 3002 Norieio
343 2938 476 3022 injecit,
497 2952 532 3002 et
551 2951 663 3018 eraut,
685 2937 800 3024 quibua
819 2955 935 3020 repro·
992 2959 1087 3025 quam
1125 2960 1200 3005 oum
1227 2938 1429 3022 Rigordiuno
1463 2939 1626 3008 convenit.
1669 2937 1735 3014 Ait,

191 3041 317 3107 bandua
339 3041 471 3106 omnino
488 3039 670 3106 videbatur.
713 3038 781 3102 Sed
803 3037 935 3102 unirer·
991 3041 1194 3126 epigraphen
1235 3041 1326 3104 numi
1365 3039 1491 3103 fuisso:
1524 3034 1735 3102 ΗΡΩΔΟΤ.

193 3166 261 3210 eam
289 3143 374 3210 bauo
402 3161 530 3207 cauum
557 3141 600 3208 de
630 3141 722 3205 numi
743 3134 935 3224 Rigordiani
994 3137 1296 3218 TETPAPXOT,
1318 3153 1358 3203 at
1384 3140 1418 3200 in
1439 3139 1640 3222 Rigordiano
1656 3151 1741 3202 ‘eutr‘

193 3269 253 3313 een
263 3244 451 3333 probitate,
473 3233 534 3310 oe'u
552 3245 636 3308 rnaia
652 3241 717 3306 fide
739 3241 803 3324 jam
819 3256 935 3324 parum
991 3235 1207 3308 ΗΡΩΔΗΣ.
1226 3233 1531 3318 ΤΕΤΡΑΡΧΗΣ,
1550 3238 1672 3306 deinde
1687 3253 1738 3322 ty·
1825 3329 1829 3340 Ι

193 3367 378 3426 moremur,
408 3366 450 3411 ex
475 3366 540 3432 qno
563 3343 658 3410 nobie
681 3355 828 3420 oountat,
850 3339 936 3404 aimi-
991 3361 1069 3427 pum
1104 3339 1208 3407 fuitne
1243 3341 1406 3426 primurn,
1439 3343 1606 3425 pulmier,
1637 3340 1736 3426 *onina

192 3457 261 3518 iem
280 3449 379 3516 alium
404 3447 529 3514 narrari
548 3448 582 3510 in
598 3447 764 3532 locupiete
782 3445 936 3510 thesaura
993 3443 1126 3507 omniuo
1163 3443 1308 3529 aperiam
1345 3441 1482 3528 praebet
1500 3442 1612 3520 iliud,
1645 3443 1737 3528 quod

195 3551 359 3642 quondam
375 3549 568 3627 Pallorinii,
589 3563 625 3612 ut
646 3549 716 3633 ejus
740 3547 840 3632 ipsiu‘n
867 3565 938 3610 ora·
992 3545 1165 3610 Pellerinii
1188 3545 1364 3609 iconismo·
1389 3545 1540 3623 exhibet,
1570 3557 1603 3607 at
1626 3544 1664 3608 in·
1678 3545 1736 3608 Ri-

194 3657 273 3724 oulo
301 3653 460 3720 doeemur
481 3655 531 3734 e),
559 3653 651 3738 eujua
678 3649 798 3716 deinde
831 3646 937 3712 aimiie
994 3645 1154 3732 gordiano
1190 3647 1330 3732 simplex
1366 3659 1417 3710 eat
1449 3647 1578 3732 palmae
1615 3666 1736 3712 ramur.

194 3756 365 3842 euempier
379 3752 460 3818 fidei
481 3751 679 3817 indubitatae
694 3771 801 3836 nuper
814 3751 885 3836 ipre
901 3749 935 3811 iu
994 3748 1099 3826 iliud,
1121 3747 1209 3832 quod
1228 3748 1389 3812 inclutum
1410 3747 1542 3812 laureae
1559 3745 1737 3832 dintinguei

194 3857 555 3926 munaumCaeaareutu
572 3854 686 3931 intuli,
713 3853 775 3920 ted'
792 3854 826 3916 in
844 3850 936 3935 eujue
993 3869 1034 3916 ro
1055 3870 1137 3914 uon·
1151 3850 1258 3935 potuit
1278 3848 1478 3926 Gaiiaudur,
1513 3867 1617 3933 noque
1645 3862 1740 3934 pote·

195 3952 818 4046 avena-tegiturzrattt.1tA12At’.
835 3949 938 4018 ΓΕΡ·
993 3965 1045 4017 rat
1059 3971 1133 4017 enne
1147 3951 1326 4036 epigraphe
1343 3946 1575 4029 TIBEPIAC,
1595 3950 1739 4038 eoquod
1778 4031 1782 4038 ¹

194 4059 412 4129 Martttttt
599 4101 605 4110 ·
780 4093 791 4102 .,
927 4073 930 4081 ·
995 4053 1137 4120 malebat
1148 4053 1326 4117 Frenetuar
1344 4045 1468 4114 ΓΑΙΩ
1481 4063 1549 4116 eto.
1575 4049 1678 4145 'Quod
1696 4050 1739 4115 ad

260 4163 412 4228 Alterum
439 4180 513 4228 oum
540 4165 627 4224 anuo
640 4159 832 4244 :porteriore
853 4153 939 4237 ΜΔ,
995 4156 1188 4240 iuaoriptunt
1216 4173 1335 4220 aunum
1364 4151 1501 4230 attinet,
1537 4149 1744 4238 animadvers,

196 4287 258 4334 neu
274 4273 318 4344 44
331 4263 455 4348 primun
473 4260 576 4324 edidit
592 4259 785 4329 Vuillantiua
799 4249 844 4341 ἆ).
871 4259 941 4330 Vn·
996 4257 1152 4340 tendum,
1186 4277 1265 4322 eum
1290 4255 1325 4318 iu
1354 4253 1453 4320 uitato
1471 4271 1577 4318 uumo
1601 4255 1740 4320 Bnrtba»

196 4369 241 4434 de
257 4365 423 4453 insignem
439 4363 526 4428 buno
542 4383 676 4428 numum
689 4362 853 4440 bauterit,
872 4379 941 4426 uon
996 4361 1098 4446 iemyi
1118 4359 1166 4426 oio
1180 4369 1366 4442 exaratum-t
1394 4352 1456 4418 ΛΔ
1479 4367 1513 4420 et
1526 4355 1616 4442 quod
1633 4357 1742 4443 toqui·

196 4481 336 4536 oonetnt.
376 4465 458 4550 Ejus
472 4477 581 4531 tauron
596 4479 721 4532 uertant
738 4463 941 4545 onae-iidem,
994 4477 1072 4544 tur,
1085 4461 1239 4548 ambiguo
1256 4479 1363 4539 uentu,
1379 4451 1600 4545 legendumne
1617 4453 1739 4524 atrito

235 4697 269 4770 a)
287 4689 680 4770 adiubertT.'11.p·443.
753 4645 789 4766 b)
808 4691 896 4754 biom.
910 4692 998 4754 Tret.
1015 4640 1242 4757 debeb-im*
1294 4687 1327 4762 c)
1345 4683 1417 4748 Rois
1433 4701 1465 4765 p·
1479 4695 1539 4754 tte·
1612 4685 1650 4762 d)
1667 4683 1746 4778 di.
1797 4705 1801 4726 ¹

201 4783 334 4852 tonali.
352 4789 458 4864 p·i9⁵.
532 4783 563 4856 ο)
582 4781 616 4841 Β.
630 4779 665 4842 b.
683 4779 769 4846 ton.
782 4779 862 4847 xxi.
879 4793 983 4865 p·292·
1038 4861 1040 4869 A
