4168 5454
499 517 505 526 ’
571 555 1145 648 .snnuvc18,.rtousa„
1548 583 1642 674 >2²²

114 725 284 794 lacubus
305 744 391 790 anno
415 725 608 790 Antioohiae
628 725 757 812 signari
781 745 839 810 pn·
895 727 951 790 vel
972 747 1056 790 unlus
1078 727 1293 792 Maacolenus
1319 728 1368 794 rir
1391 729 1537 798 eruditus
1559 755 1636 800 sanc

115 845 194 890 suere
209 826 295 888 numi
313 827 445 890 nomina
456 827 582 890 Tiberii
598 829 661 911 jam
679 827 839 912 Augusti?
895 847 932 892 ac
948 830 1135 912 perspicax,
1160 827 1218 890 sed
1238 829 1301 892 boc
1322 851 1386 894 uno
1402 830 1489 894 forte
1508 835 1638 917 culpan·

115 931 144 992 si
168 927 287 992 calculo
318 928 394 992 bnie
420 941 583 1012 repugnat
609 952 711 994 annus
740 926 838 1008 AM..
895 929 972 1005 dus,
993 930 1083 1016 qnod
1107 931 1140 992 in
1163 933 1256 996 nullo
1277 953 1393 1009 numo,
1423 953 1520 1017 quent
1540 937 1638 1000 alieni

114 1029 317 1114 multomagis
335 1030 532 1113 repugnabit
551 1051 652 1094 annua
669 1028 753 1096 ΓΜ.
772 1032 838 1094 Ha·
895 1031 1033 1114 catalogi
1053 1031 1220 1110 obtulere,
1240 1048 1293 1096 ant
1311 1037 1442 1105 scissas,
1461 1049 1514 1098 aut
1530 1037 1638 1100 occul·

114 1153 285 1214 rercampus
312 1132 349 1194 in
377 1146 551 1217 utrumque
579 1134 665 1196 bnnc
692 1132 839 1196 Mosellii
883 1147 963 1196 -tum
980 1135 1092 1198 vitium
1112 1150 1162 1198 eat
1179 1135 1381 1220 suspicatus?
1403 1139 1446 1198 At
1466 1140 1572 1215 numi,
1596 1136 1638 1202 de

113 1255 227 1296 numum
262 1248 501 1298 commentatus
536 1233 760 1298 difficultatem
791 1233 838 1296 in·
896 1237 1012 1318 quibus
1040 1236 1183 1320 agimus,
1215 1239 1300 1320 capti
1323 1251 1395 1300 sunt
1418 1259 1459 1302 ex
1482 1239 1637 1322 operibus

112 1351 211 1400 tsclsm
229 1336 381 1422 reliquit,
402 1335 521 1411 eredo,
543 1337 619 1419 qnia
642 1335 747 1399 nodus
770 1355 838 1398 nun
883 1337 1059 1414 vIllorellii,
1086 1337 1195 1404 virini
1217 1339 1405 1421 quisalius,
1433 1341 1576 1404 adcurati
1599 1363 1637 1406 ac

114 1453 172 1502 erat
190 1437 313 1502 vindice
339 1437 468 1522 dignus.
506 1438 551 1500 As
572 1459 648 1501 enm
670 1438 716 1500 sic
740 1454 839 1519 expe·
895 1436 961 1502 fide
985 1438 1085 1522 digni.
1124 1439 1209 1503 Novi
1237 1441 1428 1520 praestantis
1451 1443 1515 1506 viri
1541 1444 1638 1506 meri-

113 1538 171 1602 dire
195 1553 292 1604 tentat
316 1543 497 1624 Magnanns
518 1541 560 1623 ¹).
598 1537 837 1615 liberium-in·
892 1553 942 1617 ta,
973 1541 1032 1602 aad
1059 1559 1191 1614 numos,
1222 1561 1304 1623 quos
1328 1541 1491 1620 ediderat,
1521 1565 1636 1608 omnes

111 1639 182 1728 quit,
204 1649 239 1706 s'n
256 1643 430 1706 nonnullis
447 1642 629 1724 Augustus
650 1635 838 1723 appellatur
894 1660 968 1704 esse
990 1641 1054 1702 rite
1078 1641 1301 1723 promulgatos
1319 1647 1378 1734 quiq
1395 1645 1484 1709 volet
1496 1645 1636 1722 adsero·

111 1749 197 1807 stinsn
225 1755 304 1808 onte
335 1748 445 1827 ipsius
476 1745 655 1806 Octaviani
681 1742 838 1824 Angusta·
894 1763 951 1818 re,
970 1741 1020 1803 illi
1036 1762 1100 1827 ego
1118 1743 1238 1824 justum
1255 1764 1386 1820 eorum,
1405 1766 1442 1808 ac
1460 1749 1636 1830 praecipue

112 1859 243 1921 nortem,
275 1847 318 1908 oh
346 1847 477 1908 scilicet
506 1845 677 1923 aequalem
704 1846 837 1906 omnino
894 1843 1115 1918 Graecorum,
1145 1865 1317 1906 nnmerum
1347 1867 1476 1928 possem
1504 1870 1637 1930 reprae-

109 1961 306 2030 potcstotem,
339 1966 438 2025 quum
462 1967 483 2006 o
507 1957 624 2007 senatu
644 1945 838 2026 postulante
894 1958 1040 2020 tentare,
1063 1945 1096 2006 in
1116 1943 1230 2025 quibus
1249 1946 1473 2012 describendis
1492 1951 1636 2034 graviter

109 2062 187 2128 patre
207 2051 273 2129 ejus
294 2061 381 2110 teste
403 2047 528 2124 Velleio
550 2050 587 2107 s'n
611 2045 712 2128 Syrio
734 2047 838 2108 omni·
895 2045 1089 2110 offenderat.
1120 2045 1264 2139 Quodsi
1282 2051 1352 2132 quis
1367 2051 1637 2120 vicinnmexom·

111 2153 215 2228 lusquc
236 2151 423 2230 provinciis
448 2149 639 2208 obtinuerat
662 2163 749 2206 anno
771 2145 838 2206 Ro·
893 2149 983 2230 plum
1008 2147 1192 2222 desiderat,
1225 2148 1253 2208 ia
1283 2169 1404 2231 quaeso
1431 2166 1636 2235 postremum

113 2273 193 2314 mono
207 2249 276 2334 7⁶5.
302 2253 392 2314 Haec
412 2271 485 2312 cum
504 2247 680 2329 scripserat
698 2245 838 2334 sirUern·
894 2250 995 2311 Silani
1021 2270 1154 2310 numum
1177 2249 1209 2310 in
1237 2243 1353 2311 cadom
1380 2252 1506 2315 ‘liberii
1528 2255 1636 2318 tabula

113 2347 198 2426 disus,
219 2374 258 2414 sn
279 2353 358 2416 satis
378 2353 510 2415 ridetur
531 2346 726 2432 expendisse
746 2361 837 2410 natu·
892 2350 1058 2433 inspiciat,
1088 2352 1144 2435 qui
1165 2351 1370 2433 praeclarum
1390 2347 1504 2430 nobis,
1535 2357 1563 2418 si
1585 2379 1636 2418 au-

111 2453 260 2516 rsmtitnli
275 2453 456 2536 Augustei,
478 2472 514 2515 sc
533 2449 708 2534 praecipue
728 2469 790 2532 qua
807 2449 835 2510 is
892 2453 981 2535 peris
1003 2451 1128 2534 placet,
1164 2453 1310 2535 epochae
1340 2475 1457 2516 annum
1485 2453 1562 2518 ΞΜ.
1587 2457 1635 2518 oi·

111 2551 608 2636 irissisentesdhucAugnsto?
631 2550 836 2612 Nololacto·
884 2553 968 2616 tert.
1011 2555 1055 2615 Et
1090 2573 1171 2618 vero
1210 2553 1454 2636 promulgandis
1488 2557 1633 2640 epochae

108 2673 169 2716 rent
185 2653 352 2719 &utenda
370 2657 430 2720 boc
449 2651 836 2734 seutentialongiuamo-
892 2653 983 2730 annis
1013 2666 1103 2716 tonto
1134 2655 1269 2738 pronius
1303 2669 1489 2738 peccatum,
1530 2656 1633 2742 quod,

111 2755 181 2831 sari,
216 2777 291 2820 cum
318 2759 422 2841 magia
452 2757 603 2822 videatur
635 2752 834 2828 verisimile,
892 2776 951 2818 sen
973 2751 1002 2816 Γ
1024 2755 1134 2835 legas,
1156 2777 1216 2818 seu
1237 2756 1284 2834 E,
1306 2756 1393 2818 istud
1415 2758 1634 2841 inscriptionis

110 2869 262 2942 unumque
310 2879 444 2922 numum
481 2856 714 2920 Morelliannm
760 2873 834 2917 ease
891 2876 1022 2918 sensum
1052 2863 1118 2916 nois
1149 2856 1274 2933 turbat,
1313 2873 1409 2942 atquo
1440 2879 1538 2922 error
1566 2873 1634 2920 tum

112 2961 291 3023 mendacem.
325 2961 506 3022 Enimvero
534 2971 706 3040 antequam
733 2955 836 3035 expli·
891 2958 1032 3039 primum
1067 2956 1342 3038 deprehenditur,
1385 2981 1459 3024 cum
1491 2961 1634 3026 calculus

111 3083 173 3124 carc
192 3053 322 3124 numum
347 3061 475 3138 ordiar,
501 3079 599 3142 quem
621 3069 731 3120 certae
755 3056 835 3116 anti·
891 3057 1093 3136 subducitur.
1137 3061 1240 3122 Multo
1272 3060 1369 3123 etiam
1401 3061 1436 3122 in
1468 3062 1634 3124 iconismis

113 3163 222 3244 quitatis
245 3163 401 3226 scientiae
422 3161 593 3226 manifeste
616 3155 715 3226 rideo
737 3177 836 3238 repn·
894 3157 1099 3240 deprehendi
1121 3173 1248 3235 errata,
1281 3159 1340 3222 sed
1368 3182 1450 3243 qnae
1478 3182 1543 3225 nun
1566 3167 1635 3226 Mo-

112 3285 208 3344 gnase,
219 3267 340 3349 primas
355 3285 445 3328 meas
461 3277 569 3348 partes
584 3274 673 3346 puto,
690 3259 731 3321 do
746 3253 837 3320 nunti
893 3259 1007 3336 relliu,
1034 3259 1092 3322 sed
1110 3261 1350 3344 chalcographo
1369 3263 1524 3346 imputes,
1551 3285 1633 3346 quae

111 3367 296 3450 antiquitate,
333 3381 368 3430 et
390 3387 469 3432 vern
492 3367 563 3448 ejus
588 3362 732 3426 lectione
760 3380 834 3424 esse
894 3381 971 3424 saue
990 3361 1098 3423 omnia
1115 3360 1319 3425 abstersurus
1337 3377 1407 3426 crat
1424 3367 1473 3428 vir
1489 3365 1633 3448 insignis,

110 3489 260 3544 securum,
296 3482 394 3552 atque
426 3466 513 3530 istud
538 3463 742 3530 confidenter
768 3481 839 3524 nso·
893 3463 922 3524 si
954 3483 1015 3546 per
1042 3461 1206 3526 fortunam
1235 3465 1338 3548 magis
1365 3465 1558 3548 propitiam,
1595 3487 1631 3528 ac

111 3589 178 3633 nere
200 3571 376 3647 lectorem,
405 3591 447 3633 na
469 3571 696 3632 irreverenter
719 3561 834 3628 ridear
893 3561 1013 3627 deinde
1035 3565 1132 3628 etiam
1152 3564 1370 3655 valetudinem
1392 3565 1538 3630 licuisset
1556 3564 1633 3632 ede·

110 3690 140 3732 sc
161 3673 245 3734 relat
267 3692 329 3756 per
348 3671 458 3732 lusum
482 3666 834 3752 gravissimavctnsta·
888 3687 927 3730 re
945 3666 1214 3743 commentarios,
1237 3667 1366 3748 quasin
1383 3667 1542 3730 collectos
1559 3689 1577 3728 a
1594 3686 1630 3728 se

109 3769 144 3832 tis
166 3771 308 3856 dogmata
338 3773 425 3838 vella
453 3783 618 3835 evertere.
661 3765 768 3860 Quas,
797 3779 832 3830 ut
887 3788 1004 3832 numos
1033 3780 1213 3852 praeerat.
1255 3769 1346 3830 Haec
1382 3789 1457 3832 cnm
1490 3768 1630 3831 matina

109 3871 234 3952 siebam,
261 3875 381 3957 primas
405 3891 494 3936 meas
517 3883 628 3955 partes
652 3881 747 3953 putu,
777 3888 831 3934 eas
887 3868 973 3953 apud
995 3870 1136 3934 animum
1157 3881 1361 3952 reputarem,
1393 3890 1413 3932 e
1440 3889 1478 3930 re
1509 3870 1627 3946 visum,

107 3971 203 4036 adin
223 3974 320 4040 inisse
343 3987 543 4058 postremas,
568 3971 670 4036 nimio
689 3983 830 4048 eertum,
887 3989 1002 4036 musae
1023 3969 1193 4033 arbitrium
1215 3969 1342 4033 Gothae
1366 3971 1526 4034 Saronico
1555 3993 1629 4055 per

108 4075 210 4154 qnibns
236 4077 364 4162 pravius
391 4095 491 4160 saepe
518 4073 681 4160 piaculum
708 4073 849 4148 visum„
886 4073 1034 4148 mittero,
1052 4071 1085 4134 in
1103 4071 1194 4153 cujus
1211 4070 1378 4154 locuplete
1397 4091 1527 4150 museo,
1547 4059 1626 4135 olim

107 4173 282 4244 Goltriiaut
296 4175 504 4242 uadtotsrbi
525 4175 624 4240 iidem
645 4188 679 4238 et
697 4173 829 4238 adcura·
886 4173 1198 4255 Schwarzbnrgico,
1222 4173 1350 4237 servari
1371 4193 1504 4236 numum
1526 4173 1628 4237 Silani

107 4275 216 4344 tionem
228 4281 261 4344 in
277 4277 411 4342 dubium
429 4297 565 4356 vocare,
586 4299 681 4362 quam
698 4293 829 4340 omnem
887 4297 961 4340 cnm
976 4295 1063 4340 ,enno
1082 4271 1164 4339 ΓΜ.
1182 4273 1348 4357 adpositus
1365 4295 1383 4338 a
1399 4275 1554 4339 Motellio
1572 4275 1627 4338 leo

107 4392 238 4446 veterem
256 4380 427 4446 bistorim
450 4394 484 4443 et
508 4379 757 4462 chronologiam
781 4389 830 4440 tot
872 4391 1006 4472 ,monet
1046 4378 1221 4440 Consultns
1242 4398 1261 4440 a
1283 4395 1335 4440 nse
1357 4376 1570 4440 amicissimus
1592 4389 1626 4440 ct

107 4481 233 4566 undique
260 4483 479 4548 monumentis
507 4479 729 4548 confirmatam
753 4481 828 4546 loco
885 4501 958 4544 snca
987 4479 1083 4544 laude
1118 4479 1221 4561 major
1252 4477 1472 4560 Schinagerns
1507 4475 1626 4540 rescri-

108 4601 234 4650 saosere.
271 4587 364 4681 Quae
392 4605 459 4648 non
490 4596 633 4650 momtra
657 4581 829 4670 parturivit
885 4582 966 4666 psit:
1001 4603 1134 4644 numum
1157 4576 1328 4668 11M.n0n
1350 4577 1447 4641 modo
1472 4598 1537 4642 non
1557 4578 1625 4641 exi·

140 4799 169 4865 a)
187 4795 278 4855 Probl.
295 4797 333 4854 dc'
350 4817 417 4854 aun.
436 4795 506 4853 Chr.
523 4813 554 4871 p.
567 4805 626 4856 125-
