4256 5462
689 506 1146 648 smmsmmmn

758 1141 1087 1228 state„

109 1471 112 1478 ’
142 1437 330 1588 Quoniam
360 1485 453 1570 Syris
482 1488 578 1550 latius
615 1501 740 1574 sumptu
777 1487 889 1574 plures
947 1501 1036 1566 tere,
1059 1508 1197 1574 qnorum
1220 1490 1367 1556 examine
1390 1503 1525 1574 peracto
1547 1497 1618 1579 ejus
1637 1518 1690 1562 re·

144 1588 382 1672 complectitur
419 1587 595 1672 regiones,
629 1589 746 1674 quihus
775 1593 890 1674 Syriae
948 1591 1063 1676 gisnes
1095 1613 1209 1658 omnes
1243 1591 1401 1656 adibimus
1433 1593 1526 1659 initio
1558 1597 1647 1662 facto
1673 1623 1691 1664 s
1765 1635 1770 1646 ·

143 1709 247 1776 reges
279 1679 475 1754 Seleucides
505 1690 734 1782 imperavere,
764 1693 893 1758 consul·
949 1694 1169 1780 Commagene
1188 1695 1327 1760 menime
1349 1695 1382 1756 in
1399 1695 1597 1779 Aquilonem
1620 1718 1692 1766 ver·

142 1791 210 1856 tius
249 1791 354 1858 visum
373 1799 404 1870 ,'
426 1793 543 1857 horum
587 1815 703 1859 numos
739 1795 892 1880 praemit·
950 1807 1062 1881 gente.

592 2299 1251 2440 nncnssrnttn

144 2688 300 2820 Regum
324 2733 437 2820 Syriae
468 2737 561 2800 numi
590 2751 728 2822 propter
755 2737 893 2824 copiam,
949 2739 1029 2802 Post
1047 2737 1108 2802 hos
1119 2737 1273 2802 Erasmus
1291 2735 1477 2804 Frhlichius
1497 2747 1610 2799 nectus
1635 2757 1694 2800 nu·

145 2838 363 2916 varietatem,
391 2839 524 2924 etquis
551 2861 617 2902 non
645 2841 742 2906 modo
769 2841 802 2902 in
828 2841 892 2905 duo
949 2863 1021 2904 mos
1041 2861 1159 2924 regum
1180 2840 1293 2924 Syrien
1321 2835 1508 2924 complures
1534 2839 1691 2902 hactenus

148 2939 284 3002 saecule
313 2960 351 3004 ac
381 2939 549 3003 dimidium
580 2944 813 3026 porriguntur,
835 2943 894 3006 sed
949 2943 1108 3026 ignotos,
1149 2943 1325 3028 praecipue
1376 2961 1458 3026 quos
1503 2939 1693 3004 Erererdus

149 3043 246 3106 etism
266 3041 308 3104 sd
323 3041 548 3106 illustrandam
565 3042 732 3108 historiam
751 3058 785 3108 et
800 3043 895 3108 chro-
950 3041 1134 3110 Fasthencr
1160 3027 1250 3126 regis
1274 3042 1462 3107 Britanniae
1499 3041 1585 3127 sputi
1611 3045 1695 3106 Τιιι-

148 3143 318 3230 nologiam
343 3145 511 3228 prscclnre
539 3145 713 3210 conferunt
742 3146 894 3226 subsidia,
951 3165 1008 3210 cos
1039 3161 1150 3212 orstor
1184 3145 1308 3230 mugnis
1343 3145 1499 3230 impensis
1533 3147 1695 3232 conquisi-

147 3245 281 3332 pridem
319 3244 361 3310 uh
390 3245 526 3316 cruditis
556 3248 719 3314 benevole
758 3249 895 3332 accepti
951 3259 1062 3325 reret,
1084 3247 1195 3332 coepit
1216 3247 1426 3314 conscribere
1448 3268 1531 3332 opus
1551 3250 1692 3326 illustre,

150 3362 185 3413 et
205 3368 325 3432 magno
347 3347 380 3410 in
404 3350 512 3432 pretio
537 3351 641 3414 habiti
662 3365 747 3419 sunt.
787 3352 895 3414 Missis
952 3350 1006 3415 cni
1029 3349 1167 3415 ιὶιιιΙιιιι
1194 3351 1351 3414 Annales
1381 3354 1620 3434 compendiarii
1648 3373 1697 3412 re-

52 3520 58 3532 ·
150 3467 270 3516 eorum
291 3453 479 3529 conatibus,
509 3453 565 3538 qni
584 3476 690 3518 unum
713 3457 898 3520 alterumve
950 3474 1030 3540 gum
1055 3467 1088 3518 et
1113 3474 1220 3518 rerum
1246 3452 1365 3538 Syriae
1393 3455 1502 3516 nuruis
1532 3453 1697 3516 veteribus

149 3573 286 3617 numum
316 3567 352 3618 ut
378 3575 437 3620 eos
462 3557 532 3620 iore
565 3556 702 3636 obtulit,
732 3559 766 3620 in
786 3557 930 3620 lucent
952 3559 1139 3632 illustrati,
1171 3554 1328 3620 editum'
1318 3575 1352 3616 ιιι
1374 3551 1457 3616 iolio
1478 3551 1695 3622 Vindoboneo

150 3655 300 3736 dedere,
334 3657 458 3740 primus
481 3678 598 3722 eorum
629 3661 750 3724 seriem
778 3679 896 3744 perpe·
957 3669 1066 3743 1744,
1088 3669 1184 3741 utque
1202 3658 1322 3719 iterum
1342 3657 1453 3736 1754,
1482 3653 1535 3716 cui
1557 3653 1696 3736 preemi-

148 3773 239 3824 tuam
267 3759 440 3835 instruxit,
471 3775 505 3826 et
531 3765 772 3826 commentariis
797 3763 896 3828 histo·
954 3761 996 3824 sit
1021 3760 1126 3844 empls
1154 3761 1410 3842 prolegomene,
1439 3753 1556 3840 quibus
1588 3751 1696 3816 nodos

150 3861 231 3924 ricis
253 3860 433 3926 illustratos
456 3865 628 3948 proposuit
643 3863 871 3933 Veilhnntius
861 3884 896 3924 ιιι
953 3863 1074 3926 multos
1092 3863 1249 3928 evolvere
1267 3857 1451 3933 adlaborat,
1470 3877 1525 3940 qur
1516 3856 1696 3938 Syrorum

151 3983 260 4048 opere
295 3963 425 4050 celique
457 3967 529 4052 ejus
559 3969 667 4034 omnis
701 3978 899 4060 proruente,
952 3987 990 4032 so
1015 3964 1209 4030 ludaeorum
1228 3961 1397 4026 historiam
1415 3959 1606 4042 impediunt.
1645 3960 1698 4019 ln·

15 4105 18 4112 ·
151 4064 244 4150 quod
265 4064 554 4134 Seleucidurnm
539 4075 733 4155 tmperium,
760 4074 830 4134 sive
847 4069 899 4134 tt·
953 4070 1081 4188 signem
1107 4067 1249 4150 denique
1273 4065 1314 4130 sd
1341 4084 1457 4150 regum
1479 4059 1593 4142 Syrias
1616 4078 1696 4142 opes

150 4171 263 4231 storia
295 4188 409 4252 regum
440 4169 559 4252 Syriae
589 4173 804 4250 inscribitur,
831 4173 898 4257 pri·
954 4172 1176 4239 secessionem
1204 4169 1284 4234 fecit
1310 4165 1510 4231 Pellerinius
1541 4159 1670 4226 editis
1661 4181 1695 4220 tn

152 4290 244 4332 mum
275 4271 429 4336 Lutetiae
461 4273 590 4337 soen·
579 4295 614 4336 ιιι
642 4275 747 4338 iormn
774 4289 897 4360 quarte,
954 4277 1064 4340 lucem
1093 4273 1198 4336 numis
1226 4271 1404 4356 praeclaris
1435 4264 1582 4332 noudum
1611 4281 1698 4338 come

153 4372 277 4436 deinde
303 4375 417 4456 Hnguc
442 4375 607 4438 Comitum
640 4375 718 4459 1732
749 4375 784 4436 in
815 4373 902 4439 folio
954 4377 1078 4460 pertis,
1101 4395 1238 4462 quornm
1260 4393 1323 4458 ope
1341 4391 1407 4437 non
1430 4389 1550 4456 peuce,
1574 4382 1655 4450 quae
1678 4385 1697 4422 ἢ

153 4473 291 4538 editum.
323 4478 488 4561 Insignem
511 4476 633 4542 deindo
650 4497 823 4543 rumorum
845 4497 900 4542 co·
955 4477 1180 4564 superioribus
1203 4489 1335 4562 peccatu
1360 4487 1451 4550 sunt,
1474 4467 1695 4549 corriguntur,

152 4575 269 4660 piem,
299 4599 382 4664 quos
405 4579 599 4648 Vniilnntius
622 4581 899 4664 praetermiserat,
955 4595 1030 4660 eut,
1053 4601 1135 4666 quse
1156 4593 1247 4643 recte
1270 4577 1373 4654 dicta,
1396 4571 1611 4637 stabiliuntur·

153 4681 325 4764 congessit
366 4681 522 4747 Nicoleus
561 4684 740 4766 Hsymius,
775 4704 899 4770 eosque
968 4685 1097 4750 Post
1120 4683 1202 4746 hncc
1224 4680 1370 4746 virorum
1394 4671 1570 4737 illusissuffl
1592 4680 1696 4732 'emi'

153 4794 238 4845 noto
260 4801 321 4846 sno
345 4783 516 4850 Thesauro
534 4785 722 4854 Britannico
750 4787 898 4850 inseruit.
956 4786 1043 4850 mins
1058 4801 1196 4850 neeesse
1214 4801 1279 4845 nou
1294 4779 1357 4844 init
1371 4778 1445 4864 plns
1465 4798 1484 4842 s
1502 4793 1555 4839 ms
1571 4769 1693 4858 operes

217 4903 314 4988 (ret.
330 4903 419 4988 111.)
555 4921 574 4988 5
1325 4897 1405 4962 os
