4256 5462
703 565 899 644 REGES
935 569 1168 646 stultu.

165 743 204 806 ln
217 740 301 806 alic:
323 738 437 820 Equus
449 729 619 822 gradiens.
634 730 755 803 attat
770 737 808 800 ia
822 749 914 804 atro·
961 739 1053 806 ,libna
1075 707 1273 824 conjecturis
1295 739 1454 808 debemus
1474 767 1591 815 numos
1616 751 1710 828 alies,

164 885 227 948 que
255 865 348 951 safra
372 819 813 966 garritum-ratem.)

326 1158 583 1230 ettttocttvs
607 1159 750 1225 Hieram.

252 1353 387 1418 Seleuci
407 1355 449 1417 11.
477 1352 600 1428 irater,
630 1348 768 1415 subinde
796 1353 910 1430 hostias

968 861 1049 924 quos
1067 841 1168 906 iidem
1184 842 1260 907 haic
1278 845 1431 928 reginen
1449 867 1548 930 parce
1563 850 1710 918 admensi
1755 934 1760 944 .
1788 911 1790 920 ,

967 955 1060 1022 aaut,
1083 965 1165 1028 quos
1183 943 1373 1012 describere
1399 967 1465 1012 non
1487 963 1587 1016 vacat.

1058 1179 1314 1254 auttocttvs
1335 1187 1392 1252 111.
1406 1271 1411 1280 Ι
1427 1176 1619 1258 manuve.
1723 1195 1727 1204 ’

1029 1345 1163 1411 Seleuci
1180 1351 1236 1416 lll.
1265 1351 1368 1416 irater
1394 1373 1496 1418 annos
1524 1369 1618 1420 natus
1636 1359 1709 1427 XV.

1638 599 1711 680 219
1809 633 1819 652 .

163 1455 311 1540 primum
331 1453 456 1530 victor,
478 1450 598 1515 deinde
618 1453 723 1517 rictus
746 1453 787 1518 ad
801 1455 911 1518 Ptole*-
965 1465 1107 1531 regnare
1124 1451 1249 1534 coepit,
1266 1471 1329 1536 per
1344 1467 1448 1518 totum
1462 1457 1558 1540 regni
1573 1470 1709 1541 tempus,

164 1577 298 1622 meeum
322 1555 524 1638 Evangetam
551 1551 655 1636 fugit,
685 1575 704 1618 a
734 1575 800 1640 quo
820 1568 910 1620 arcte
966 1547 1055 1632 quoti
1079 1548 1266 1614 diuturnum
1305 1553 1384 1632 fuit,
1416 1555 1513 1620 bellic
1544 1560 1710 1624 exercitus

165 1672 337 1735 servatae,
359 1655 419 1720 sed
439 1655 571 1740 elapsus
593 1655 791 1719 alatronum
811 1655 912 1740 glohc
967 1651 1085 1732 partim
1114 1653 1285 1736 quaesitis,
1314 1657 1430 1737 partim
1459 1659 1567 1722 illatis.
1611 1662 1709 1724 Bello

167 1761 356 1845 perimitur.
378 1757 493 1822 Dictus
513 1755 623 1836 Ῑεραξ,
646 1757 720 1841 quia
739 1761 913 1840 accipitris
967 1762 1058 1814 tram
1075 1753 1278 1836 Euphratem
1294 1750 1447 1838 promoto
1463 1760 1619 1823 Arsacem
1634 1764 1712 1826 Par-

131 1845 135 1856 ’
163 1861 234 1926 ritu
246 1864 284 1924 iu
296 1858 412 1925 alianis
427 1857 592 1943 rapiendis
604 1857 703 1923 vitam
717 1857 912 1936 sectabatur,
968 1849 1060 1914 thum
1080 1853 1226 1937 impetit,
1255 1877 1330 1918 mox
1352 1859 1430 1923 inita
1453 1883 1526 1925 cum
1545 1863 1608 1926 hoc
1628 1872 1711 1946 'pace

165 1977 205 2028 ut
220 1963 265 2028 ait
285 1961 425 2026 lustinus
440 1961 481 2041 ¹).
968 1954 1210 2037 Euthydemum
1224 1957 1470 2026 Bactrianorum
1486 1983 1603 2047 regem
1618 1965 1712 2028 ador·

251 2063 301 2124 Ei·
324 2060 448 2124 homiui
488 2059 764 2126 tetradrachmum
798 2058 914 2124 tribuit
968 2066 1021 2118 tus
1048 2055 1089 2118 ad
1111 2058 1240 2122 mitiora
1265 2078 1343 2121 eum
1367 2061 1502 2128 consilia
1530 2067 1712 2150 compellit,

167 2163 400 2230 Pelles-iniust·
426 2162 533 2242 Caput
561 2167 650 2246 regis
675 2165 913 2226 diadematum.
969 2155 1144 2240 multisque
1164 2177 1226 2240 per
1239 2179 1320 2222 eum
1340 2173 1477 2226 mactum
1499 2165 1631 2232 fortiter
1655 2187 1712 2248 ge·
1747 2161 1755 2176 “

170 2265 194 2326 ἶ
214 2256 484 2327 Butam.
506 2261 761 2328 ANTIOXOP.
785 2263 913 2346 Apollo
969 2257 1161 2338 etis-Magni
1174 2277 1357 2341 cognomen
1371 2263 1488 2329 aufert.
1507 2266 1710 2342 Phoenicen,

168 2368 265 2431 cultu
286 2367 388 2430 solito
410 2365 535 2428 sedeas.
578 2366 649 2431 AR.
665 2365 692 2429 l.
730 2366 833 2428 Causa
863 2363 914 2426 illi
942 2395 947 2404 ·
970 2356 1208 2439 Coclesyrhm,
1228 2361 1376 2426 Iudaeam
1393 2363 1455 2425 sihi
1472 2365 1600 2448 pridem
1614 2389 1716 2454 quae-¹

168 2487 253 2546 una,
276 2465 508 2552 quodvulteo,
530 2466 653 2548 quisset
670 2465 704 2527 in
723 2466 787 2530 hoe
803 2485 913 2544 numo,
970 2458 1047 2521 sitas
1067 2457 1197 2522 tandem
1213 2463 1404 2528 Ptolemaeo
1422 2466 1585 2549 Epiphaui
1603 2481 1718 2532 exter·-

166 2563 298 2633 sultum'
317 2567 427 2632 fratris
441 2568 575 2634 Seleuci
591 2571 631 2635 11.
649 2565 784 2632 reserat.
807 2567 914 2658 Quam
970 2572 1066 2642 quet,
1081 2560 1140 2624 ted
1152 2581 1234 2646 quae
1245 2565 1349 2647 prima
1361 2567 1411 2628 itti
1421 2567 1617 2633 simultatum
1636 2591 1712 2633 cum

169 2669 367 2734 sententiam
397 2656 508 2734 teneat
524 2672 538 2748 ,'
565 2669 618 2734 cui
648 2668 732 2751 justa
762 2689 801 2734 ea
824 2669 914 2736 vida·
969 2661 1124 2726 R⁰mt¹¹5⁸
1135 2684 1230 2728 0⁸11st
1244 2666 1383 2742 exstitit,
1401 2669 1455 2751 qui
1470 2669 1712 2758 juvenishegy·

168 2772 267 2836 bitur„
969 2763 1030 2846 ptii
1050 2765 1152 2849 regia.
1163 2779 1288 2830 tutores
1305 2768 1406 2851 patris
1423 2783 1619 2834 testamento
1633 2791 1718 2836 com·
1736 2791 1739 2798 ’

872 2942 875 2950 Ι
970 2864 1073 2927 stituti
1100 2867 1248 2950 petiere,
1270 2881 1307 2931 ut
1328 2884 1463 2954 ereptae
1490 2873 1615 2958 pupillo
1636 2895 1712 2958 pro·

969 2965 1095 3030 vinciae
1123 2969 1386 3035 restituerentur.
1437 2973 1510 3036 Huc
1539 2993 1710 3038 accessere

970 3085 1096 3131 causac·
1109 3069 1303 3152 propiores,
1326 3070 1415 3155 quod
1438 3073 1612 3140 Hannibali
1637 3065 1712 3160 per·

969 3166 1096 3251 fugium
1118 3170 1285 3254 praebuit,
1308 3186 1342 3236 et
1358 3193 1432 3238 cum
1448 3176 1575 3240 Aetolis
1597 3177 1711 3242 adver·

289 3007 517 3086 ehtuvcvs
540 3012 594 3074 lll.
621 3012 801 3075 Ceraunus·

257 3177 392 3244 Sel-cuci
415 3181 456 3242 ll.
480 3189 514 3240 et
536 3175 702 3240 Laodices·
716 3177 777 3253 Fa,
807 3175 913 3240 dista·

171 3279 344 3357 liceatne,
374 3277 535 3370 lihlmeu,
565 3279 751 3354 incertum,
782 3297 825 3340 ex
851 3297 914 3362 qua

172 3401 278 3446 causa.
318 3379 487 3445 Adversus
511 3379 652 3442 Attalum
674 3381 914 3464 Pergamenum

170 3496 303 3568 ereptas
336 3481 522 3566 provincias
552 3481 752 3565 repetiturus
789 3481 932 3546 hellamx

172 3584 343 3670 suscipit„
362 3581 422 3646 sed
456 3582 583 3662 interea
620 3601 754 3646 suorum
788 3583 914 3646 insidiis

171 3704 303 3750 veneno
326 3705 346 3748 e
367 3683 477 3748 medio
496 3685 625 3747 tollitur
640 3683 682 3750 V.
700 3683 823 3750 meta
861 3685 913 3748 De

171 3805 277 3850 uxore
296 3797 331 3848 et
352 3784 466 3848 liberis
484 3805 550 3849 non
570 3797 705 3882 constat.

473 4022 628 4090 inttttt':¹

239 4192 346 4272 Caput
367 4175 457 4274 regia
476 4193 711 4255 diadematum.
744 4186 924 4252 cml·-

172 4283 326 4356 AEttE.
349 4286 617 4359 ΣΕΛΕΤΚΟΤ.
648 4281 776 4375 Apollo
800 4297 916 4358 sedens

172 4393 267 4458 cultu
289 4395 402 4459 solita.
423 4395 493 4460 att.
510 4397 536 4458 1.

232 4493 286 4557 Ex·
298 4495 407 4560 vultus
420 4495 626 4560 lineamentis
641 4496 736 4578 hujus
750 4497 812 4560 sihi
825 4498 915 4581 regis

171 4615 306 4660 numum
322 4597 488 4682 reperisse
500 4598 560 4662 risi
577 4611 652 4662 sunt
669 4598 799 4662 eruditi.
821 4599 916 4662 simi-

58 4791 62 4798 ’
154 4801 161 4810 ’
209 4805 239 4874 a)
259 4805 290 4866 L,
306 4804 431 4864 xxvii.
452 4817 514 4866 c.2.

971 3261 1224 3336 eum-Romanos
1240 3271 1358 3343 foedus
1375 3272 1479 3341 inivit.
1510 3277 1594 3342 Orto
1611 3279 1712 3361 igitur

969 3368 1062 3434 hello
1083 3372 1117 3434 in
1135 3369 1305 3438 Graeciam
1326 3387 1555 3461 transgressue
1569 3378 1711 3462 primum

970 3470 1011 3534 ah
1039 3470 1147 3544 Acilio
1173 3475 1353 3542 Glabrione
1391 3477 1431 3542 ad
1462 3479 1711 3565 Thermopylas,

970 3571 1090 3638 deinde
1121 3577 1205 3643 a.C.
1239 3578 1335 3644 Lirin
1366 3580 1548 3644 Salinatore
1585 3580 1711 3662 praelio

970 3675 1135 3739 maritimo
1156 3677 1197 3740 ad
1218 3678 1370 3742 Curicum
1393 3663 1546 3756 Ciliciae,
1568 3679 1711 3764 denique

969 3775 1012 3843 V.
1028 3776 1064 3842 C.
1082 3777 1156 3852 tut.
1178 3801 1196 3841 a
1216 3781 1257 3844 L.
1274 3780 1428 3864 Scipione
1451 3781 1492 3845 ad
1512 3769 1713 3865 Magnesiam

972 3879 1082 3962 Sipyli
1102 3878 1206 3944 victus
1247 3881 1354 3944 ohlata
1383 3895 1451 3946 tota
1488 3883 1535 3945 cis
1565 3883 1710 3947 Taurum

970 3981 1048 4044 Asia
1075 3999 1190 4064 pacem
1217 3981 1368 4045 redemit.
1411 3982 1510 4048 Gravi
1536 3985 1632 4048 etiam
1655 4006 1711 4070 pe·

971 4081 1086 4146 cuniae
1108 4083 1209 4148 multa
1237 4085 1415 4168 imperata,
1444 4079 1540 4170 qnam
1569 4108 1631 4172 per
1658 4111 1712 4160 an-

971 4205 1032 4246 nos
1065 4186 1236 4268 cputinuos
1256 4187 1328 4248 xlt.
1365 4187 1533 4266 solveret,
1567 4189 1609 4252 ad
1638 4209 1711 4272 spo·

971 4285 1116 4352 liandum
1134 4289 1221 4354 lovis
1243 4287 1393 4371 Elymaei
1414 4291 1570 4374 templum
1592 4291 1624 4351 in
1643 4285 1717 4351 Me·'

973 4387 1057 4454 diam
1082 4389 1271 4473 proiectus,
1300 4389 1359 4455 sed
1380 4391 1543 4476 patefacto
1575 4391 1712 4453 consilio

972 4495 1013 4558 ab
1043 4494 1161 4560 incolis
1196 4513 1371 4576 oppressus
1405 4507 1513 4557 morte
1548 4491 1720 4574 sacrilegii,

972 4585 1094 4681 poenas
1111 4595 1172 4658 luit
1189 4597 1229 4662 V.
1245 4598 1281 4659 C.
1300 4597 1373 4674 507.

1383 4867 1494 4950 Eetl.
