4212 5462
427 561 495 644 ,a
1129 541 1369 628 cratera.

429 731 538 812 Copta
552 727 677 808 secem.
696 709 850 788 aelii.
879 711 977 798 (Μαι.
995 720 1087 788 con.
1100 721 1171 792 ‚vit-
1226 735 1299 820 ιιιιιι
1312 713 1362 805 Β),
1396 719 1444 786 aic
1462 709 1638 787 obliterata
1655 719 1718 784 tata
1736 721 1915 802 memoria,
1943 735 1979 784 ot

426 827 502 904 ani.)
1227 823 1347 890 Strabo
1366 824 1438 909 ipae
1463 823 1579 888 dabiua
1608 823 1781 902 haereret,
1804 840 1887 910 quae
1905 823 1976 909 ejut

488 931 564 994 Fuit
582 929 694 994 barum
709 923 873 1011 begardrn
896 912 1022 1012 gentile
1045 918 1170 990 Atre·
1226 935 1350 990 tractae
1370 926 1449 990 urba
1470 937 1589 1012 poetae
1612 927 1716 990 fuerit
1734 927 1901 990 intellecta
1930 928 1973 1010 ιι).

424 1030 572 1108 ΑΙΩΝ,
595 1033 692 1096 ctiam
709 1031 870 1094 teatihua'
860 1044 1097 1116 imperatorum
1112 1046 1171 1098 rte
1225 1026 1338 1105 adda,
1353 1040 1395 1092 ex
1406 1030 1523 1091 Amara
1539 1029 1976 1118 gentileAtneereeformari
2016 1053 2020 1060 ’

424 1137 485 1198 mia
504 1135 620 1198 saltem
641 1151 743 1218 usque
763 1131 803 1195 ad
819 1133 1016 1208 Macrinum,
1029 1129 1172 1194 utdice·
1224 1115 1290 1194 hisi
1310 1131 1475 1197 violenter
1494 1151 1562 1195 non
1587 1150 1693 1218 poaae.
1728 1130 1897 1214 Stephano
1925 1143 1977 1195 eat

424 1252 488 1302 tur.
526 1235 619 1330 Quae
649 1234 829 1321 epigraphe
862 1235 1029 1300 servitani
1052 1232 1170 1350 digno·
1226 1235 1398 1309 Αιπιαιης.
1420 1234 1526 1319 Magia
1544 1255 1627 1320 ergo
1644 1233 1844 1310 verisimile,
1863 1233 1979 1319 legen·

425 1339 564 1414 aceudoa
578 1338 673 1420 hujua
686 1337 776 1400 urbia
789 1335 956 1400 numoaah
971 1335 1078 1398 numia
1095 1334 1170 1398 alia·
1227 1335 1304 1398 dom
1321 1331 1579 1413 ΑΙΓΕΑΙΩΝ,
1602 1355 1798 1422 nuruumque
1813 1355 1887 1399 eaae
1906 1336 1978 1399 illa·

424 1463 496 1505 rum
516 1442 692 1524 Aegarum.
728 1437 900 1504 Accedunt
925 1457 1041 1503 caueae
1063 1437 1168 1513 aliae,
1226 1457 1300 1500 rum
1328 1457 1370 1502 ex
1399 1436 1546 1519 pluribus
1571 1439 1757 1523 Aegarum,
1796 1457 1878 1524 quae
1913 1436 1974 1501 hac

425 1553 522 1628 caput
546 1541 708 1604 muliebre
731 1542 872 1606 velatum
900 1543 1070 1617 turritum,
1101 1561 1170 1602 mo·
1227 1540 1527 1626 epigrapbealege
1548 1541 1582 1602 in
1610 1553 1740 1604 moneta
1759 1541 1806 1604 uti
1825 1551 1902 1602 aunt
1924 1559 1976 1603 so-

425 1657 659 1728 nogrammata,
680 1643 999 1726 literaeperareaun
1018 1663 1169 1726 aparaae,
1228 1641 1323 1719 litae,
1351 1639 1503 1705 nimirum
1527 1643 1692 1724 Acgnrurn
1712 1635 1858 1707 Ciliciae.
1897 1643 1976 1705 Sua·

427 1767 509 1834 quae
526 1749 634 1811 omnia
646 1747 680 1808 in
697 1745 879 1809 autonomia
895 1745 1024 1808 urbiam
1035 1745 1171 1808 Ciliciae
1230 1742 1287 1806 det
1301 1741 1389 1810 inae
1404 1757 1438 1806 et
1456 1755 1552 1828 caput
1568 1745 1728 1822 Palladia,
1752 1745 1844 1828 cujua
1863 1745 1896 1806 in
1914 1743 1975 1808 hac

349 1893 350 1908 .
427 1849 625 1935 frequenter
642 1849 867 1914 obaervautur.
898 1848 1009 1942 Quare
1032 1847 1173 1910 dubitari
1229 1847 1312 1908 urbe
1331 1848 1453 1910 cultum
1472 1847 1669 1932 plureaejua
1687 1847 1776 1910 urbia
1793 1847 1881 1910 numi
1899 1865 1976 1930 pro·

427 1945 1108 2036 nequit,autonomoaaoloAlI‘EAlssN
1122 1949 1171 2011 iu-
1228 1947 1327 2025 dunt,
1366 1961 1434 2012 tum
1475 1961 1509 2012 et
1545 1963 1838 2032 monogrammate,
1856 1951 1861 1962 '
1880 1967 1975 2034 quae,

425 2054 565 2137 acriptoa
578 2051 662 2136 typia
677 2053 845 2130 Palladis,
868 2055 1043 2120 Victoriae
1053 2053 1168 2136 galee·
1228 2063 1264 2114 ut
1288 2048 1488 2128 videbimus,
1529 2051 1563 2112 in
1591 2051 1724 2116 Ciliciae
1755 2049 1885 2116 urbium
1918 2073 1977 2117 nu·

426 2167 481 2216 tce
497 2157 703 2236 gradientis,
734 2159 817 2239 quae
838 2167 888 2218 eat
911 2165 1001 2218 certa
1021 2153 1170 2220 Minerva
1227 2151 1288 2214 mia
1305 2151 1572 2238 multiplicantur.
1595 2155 1720 2218 Aversa
1737 2167 1865 2242 certum
1878 2153 1974 2218 nobie

427 2253 591 2331 Victoria,
621 2255 663 2318 de
682 2277 744 2342 qua
766 2253 820 2340 egi
837 2257 870 2316 in
898 2255 1003 2318 numia
1029 2255 1169 2348 Athena-
1227 2253 1311 2316 aiatit
1325 2255 1447 2318 Persei
1462 2269 1580 2342 caput,
1603 2255 1695 2339 cujus
1716 2258 1868 2321 attributa
1883 2269 1975 2320 certa

425 2377 517 2434 rum,
548 2361 643 2440 cupri
669 2363 739 2422 sive
765 2361 890 2420 stantis
917 2361 989 2421 aive
1007 2359 1169 2437 jacentis,
1226 2367 1302 2420 aunt
1325 2358 1443 2441 harpa,
1473 2357 1507 2422 ¹et
1526 2359 1618 2442 galea
1647 2359 1847 2425 involucris
1874 2371 1972 2440 caput

426 2441 491 2545 qno
505 2455 680 2523 adnomen
699 2459 788 2522 urbia
804 2455 909 2543 Αιιγιιι
928 2457 1110 2537 adluditur,
1129 2461 1170 2523 ad
1227 2457 1427 2542 adsurgens,
1464 2473 1499 2522 ut
1528 2455 1667 2524 vidimus
1697 2464 1730 2522 in
1759 2461 1867 2524 numia
1894 2459 1973 2521 Phi·

427 2559 484 2624 baa
515 2555 648 2624 Ciliciae
676 2561 786 2643 Aegea
825 2561 1003 2644 pertinere.
1045 2561 1169 2625 Nomou
1228 2555 1309 2646 lippi
1330 2559 1372 2630 V.
1392 2561 1604 2626 Macedoniae
1626 2563 1727 2648 regia.
1767 2565 1901 2627 Constat
1920 2575 1974 2625 ve-

427 2663 489 2726 hoa
506 2661 608 2725 habea
621 2661 954 2746 apudPellerinium.
1227 2683 1285 2742 ro,
1307 2665 1482 2746 Perseum,
1505 2660 1560 2750 qui
1583 2665 1737 2730 miracula
1758 2683 1815 2729 aua
1829 2661 1973 2728 Palladia

493 2763 600 2845 Caput
618 2767 777 2828 muliebre
798 2767 968 2830 turritum.
999 2759 1172 2827 eatre-
1229 2759 1372 2830 couailiia
1393 2767 1549 2853 pleraque
1569 2767 1714 2852 peregit,
1745 2783 1819 2832 cum
1838 2765 1973 2830 Pallade

426 2859 566 2927 ΑΙΩΝ.
578 2861 688 2928 ΤΗΣ.
704 2861 859 2928 ΙΕΡΑΣ.
874 2900 884 2917 ·
900 2898 912 2912 ·
930 2897 941 2912 ·
964 2867 1070 2949 Caput
1083 2871 1172 2947 apen,
1229 2882 1321 2931 recte
1335 2869 1498 2952 componi.
1530 2866 1627 2936 Vnde
1646 2871 1679 2932 in
1698 2869 1763 2932 alio
1779 2869 1849 2954 ejus¹
1862 2887 1978 2938 numo.

427 2971 465 3030 in
486 2988 567 3028 oren
585 2987 842 3052 monogrammo.
887 2969 957 3034 ΑΕ.
973 2971 1029 3034 111.
1071 2971 1170 3053 (uiua.
1230 2982 1328 3054 quem
1353 2969 1391 3032 in
1423 2970 1642 3054 imperatoriis
1676 2971 1841 3047 dabimus,
1878 2983 1977 3054 caput

428 3069 539 3150 Gaea.)
1230 3071 1386 3136 babemus
1414 3071 1571 3136 bledanae
1599 3073 1714 3137 Persei
1748 3073 1849 3156 harpa
1880 3089 1973 3135 reae·

789 3153 808 3192 ⁸
892 3204 913 3241 ιι
1228 3187 1327 3240 ctum.
1373 3176 1542 3240 Novimus
1547 3177 1664 3250 etiam,
1690 3175 1839 3239 Peraei'
1828 3175 1975 3258 anaignea

492 3267 744 3336 ΑΙΓΕΑΙΩΝ.
756 3277 917 3340 Protorne
929 3277 1082 3340 Palladis
1097 3297 1172 3340 cum
1228 3273 1329 3340 suinae
1349 3275 1494 3342 honoret
1515 3275 1600 3360 apud
1622 3280 1779 3355 Tarsum,
1809 3290 1843 3341 et
1863 3279 1975 3360 Argoa

427 3378 528 3442 besta
548 3396 645 3458 snper
661 3375 814 3454 humero,
842 3399 928 3461 pone
955 3380 1036 3442 bina
1060 3400 1171 3440 rnono·
1229 3379 1363 3444 Ciliciae
1380 3378 1489 3444 urhee.

425 3471 932 3562 grnrnmotn.16oputvirile
956 3481 1099 3544 imberba
1126 3494 1171 3542 te·
1594 3481 1614 3520 '⁵

428 3593 518 3642 ctum
535 3599 583 3661 gn
585 3581 638 3640 lea
660 3581 695 3638 in
718 3579 862 3642 volucris
876 3595 976 3662 caput
991 3585 1170 3659 desinente,
1290 3577 1371 3645 All
1369 3579 1542 3648 ΕΑΙΩΝ
1565 3585 1673 3663 Caput
1687 3587 1734 3646 Ρα
1735 3583 1847 3646 lindis.
1872 3579 1975 3646 tea·

326 3767 329 3772 ¹
422 3702 510 3762 pene
532 3683 648 3763 harpe.
691 3679 760 3740 ΔΕ.
778 3682 823 3746 ll.
861 3683 1007 3764 (Hunter
1035 3683 1116 3748 tab.
1138 3683 1169 3751 8.
1225 3705 1315 3766 pro]
1302 3685 1461 3760 incensio
1478 3707 1558 3748 area
1578 3685 1653 3751 ΦΘ.
1665 3681 1832 3750 [lene.
1851 3687 1923 3750 ΑΕ.
1932 3687 1973 3746 ll.

428 3801 462 3848 n.
475 3784 553 3858 lli.)
1291 3787 1431 3850 Numam
1470 3787 1557 3850 bunc
1594 3788 1751 3871 Haymiua
1796 3808 1973 3873 perperam

489 3883 658 3947 Eruditua
663 3883 817 3949 Combiua
842 3851 985 3972 catalogi
997 3889 1171 3954 Huuteria·
1226 3887 1365 3952 Athenin
1381 3889 1495 3952 tribuit
1509 3887 1553 3970 d).
1581 3884 1707 3958 Verum
1729 3911 1771 3953 ex
1790 3889 1973 3954 trunciali·

428 3984 465 4046 ni
485 3998 598 4048 auctor
620 4007 752 4049 numum
769 3989 864 4051 hanc
892 3993 1024 4076 Aepeae
1046 3995 1171 4056 Meaae·
1224 3997 1370 4054 terarum
1400 3989 1559 4073 capitibus
1591 3993 1770 4077 epigraphe
1794 3987 1975 4053 AII'EAI·

428 4086 502 4166 niae
519 4085 688 4162 tribuit-‚J
716 4087 796 4172 Ejua
812 4090 926 4172 judicii
945 4113 1039 4157 cauae
1057 4093 1168 4176 inerit,
1226 4088 1303 4154 ΩΝ
1318 4090 1571 4157 iaciloelicitur.
1613 4093 1680 4190 Qui
1701 4094 1852 4158 dubitare
1869 4091 1973 4168 volet,

429 4183 517 4272 quod
535 4207 609 4251 cum
625 4187 720 4252 litera
738 4185 769 4251 Γ
785 4205 818 4254 et
832 4191 889 4253 Ε
879 4213 912 4255 ιιι
929 4215 1028 4258 unum
1046 4197 1169 4260 conlea-
1225 4192 1418 4256 iconiamum
1434 4194 1593 4262 contulat.
1621 4196 1724 4282 Atqui
1741 4209 1776 4260 et
1792 4194 1973 4280 periataaea

428 4301 560 4365 carent,
598 4290 779 4374 legendum
808 4292 877 4356 aihi
896 4295 1066 4359 videbatur
1104 4295 1429 4378 A1·bbiuanumi
1456 4317 1569 4360 omnen
1599 4311 1634 4360 ut
1657 4297 1698 4361 ab
1719 4297 1973 4386 Athenienaium

428 4385 636 4458 ΠΕΑΙΩΝ.
661 4391 851 4457 Atdiificile
872 4395 1132 4462 videaturltuic'
1122 4421 1169 4480 pu·
1226 4409 1356 4460 moneta
1370 4394 1566 4478 abhorrent,
1588 4399 1635 4463 aic
1653 4377 1883 4484 euganeorum
1899 4397 1975 4462 olfi-

429 4491 516 4557 dicio
547 4493 715 4562 adsentiri.
751 4495 882 4560 Etenim
911 4497 1006 4581 hujus
1035 4500 1169 4584 hepene
1227 4500 1331 4564 cinam
1352 4514 1464 4585 auapte
1481 4513 1651 4568 testantur.

428 4597 633 4674 Meuaniae,
675 4615 758 4684 quae
793 4599 940 4664 Homero
963 4597 1089 4664 dicitnr
1110 4602 1170 4664 Aa·
1294 4603 1372 4669 ΑΕ.
1391 4603 1466 4668 llll.

463 4807 638 4882 ιιιιςιι
712 4807 747 4880 a)
767 4809 948 4874 ll.l.v.152.
1023 4814 1054 4885 a)
1072 4811 1373 4889 L.V111.p.m.e⁵e
1448 4811 1745 4892 libiam-nr.
