4160 5454
411 551 484 618 aot
539 603 542 608 .
905 527 1096 602 eneas
1134 526 1459 600 steatomata.

411 704 516 788 aperti
547 702 653 778 numi,
692 699 750 764 sed
781 711 813 762 et
843 698 907 763 Dio
933 717 1078 764 marmot
1108 697 1155 779 ·),
1213 695 1389 774 constabat,
1407 695 1581 760 illustrium
1598 716 1661 779 per
1677 696 1821 804 Pes-piam
1843 699 1955 762 at'tir-

413 807 591 889 Tigranem
622 802 763 888 gessisse
794 823 919 882 amaus,
958 822 993 863 rc
1023 797 1155 864 reuise-
1202 799 1352 862 moniam
1390 800 1536 863 virorum
1560 798 1754 882 -catalogum
1783 800 1958 864 concinna·

338 959 344 980 ,
412 900 507 989 inpia.
1213 899 1277 974 vit,
1307 899 1363 982 qui
1386 900 1545 964 Arsarnis
1565 901 1696 963 nomine
1720 899 1858 983 praediti
1886 899 1958 964 lue-

473 1007 524 1070 En
552 1007 611 1071 tibi
639 1027 755 1090 regum
777 1003 953 1066 Armeniae
981 1022 1024 1065 ex
1049 1003 1158 1086 numia,
1212 1021 1262 1063 re.
1304 1003 1431 1064 Horum
1463 1000 1573 1062 nullus
1605 1023 1678 1064 cum
1717 1001 1788 1064 viro
1825 1001 1956 1064 erudito

411 1087 595 1190 catalogum
627 1105 804 1170 secundum
836 1121 1006 1188 tempore,
1039 1103 1155 1186 quibus
1212 1099 1397 1180 adrideret,
1418 1099 1458 1166 ad
1480 1103 1684 1184 conjecturas
1706 1123 1882 1166 conversos
1904 1126 1959 1166 su·

409 1229 565 1293 regnasse
590 1207 758 1284 videntur,
781 1205 954 1290 digestum.
993 1201 1155 1299 Quoniam
1211 1203 1370 1285 opinatur,
1414 1220 1572 1288 regnante
1604 1206 1748 1270 Seleuco
1782 1209 1824 1272 11.
1859 1208 1958 1270 Arsa·

409 1324 546 1394 propter
596 1308 828 1372 historicorum
873 1306 1037 1370 silentium
1079 1327 1155 1390 spes
1213 1327 1288 1370 asca
1320 1305 1500 1390 quendam,
1538 1306 1700 1370 illustrem
1734 1308 1822 1372 baud
1857 1308 1958 1372 dubie

410 1433 476 1474 non
493 1411 658 1494 adlulget,
680 1410 754 1474 lore
776 1407 942 1472 utoollsts
961 1429 1152 1494 quacunque
1211 1407 1364 1482 Persam,
1400 1427 1463 1492 per
1492 1407 1562 1492 ejus
1590 1411 1793 1495 tempestatis
1827 1409 1959 1474 turbida

411 1533 512 1594 opera
534 1513 566 1574 in
588 1513 628 1576 iis
651 1511 852 1596 explicandis
874 1523 1002 1575 certum
1031 1508 1154 1595 aliquid
1211 1529 1325 1592 regem
1344 1530 1380 1572 aa
1398 1512 1573 1574 Armeniae
1591 1513 1784 1596 appellasse,
1803 1525 1838 1574 et
1854 1510 1958 1575 fuisse

411 1629 444 1678 et
473 1615 679 1697 exploratam
708 1613 811 1698 possit
834 1613 979 1692 adlersi,
1008 1633 1051 1675 ne
1078 1633 1155 1676 con·
1211 1611 1417 1676 conditorem
1443 1613 1537 1675 urbis
1566 1611 1600 1673 in
1629 1614 1782 1676 Armenia
1810 1618 1960 1698 positae,

409 1719 608 1796 iectus-arom
640 1735 776 1780 examen
804 1735 959 1798 augeant,
989 1713 1081 1780 lubet
1107 1715 1155 1776 in·
1209 1735 1307 1800 quam
1329 1712 1371 1777 de
1396 1733 1431 1778 se
1454 1715 1679 1778 Arsamosata
1700 1714 1839 1792 dixerit,
1868 1737 1961 1779 cam·

410 1819 549 1882 haerere
573 1819 630 1895 iis,
651 1839 733 1902 quae
756 1815 819 1882 riri
840 1816 976 1896 eruditi,
998 1837 1073 1882 cona
1095 1837 1153 1880 eos
1212 1838 1275 1900 que
1304 1817 1401 1880 etism
1425 1813 1532 1880 videri
1549 1815 1650 1880 luisse
1672 1833 1798 1901 patrem
1820 1820 1960 1897 Xerxis,

411 1923 602 2006 vulgarent,
640 1939 832 2005 quocunque
861 1919 992 1984 fortuna
1021 1939 1153 2004 prsece·
1211 1919 1253 1984 de
1281 1939 1347 2004 qao
1374 1932 1491 2002 agetur
1517 1921 1681 1984 continuo.
1720 1922 1772 1982 En
1797 1943 1960 1984 summam

408 2043 499 2106 pera.
539 2023 670 2106 Regum
697 2021 873 2084 Armeniae
901 2023 1085 2105 catalogum
1111 2042 1154 2085 ex
1195 2019 1490 2104 'conjecturarum
1526 2042 1605 2105 quas
1636 2021 1795 2106 prolixius
1824 2026 1959 2108 exposi-

409 2123 606 2206 scriptorum
639 2124 833 2188 testimoniis
862 2136 1053 2186 struxerunt
1078 2122 1154 2184 Rei·
1211 2139 1259 2187 taa
1288 2145 1330 2188 ox
1359 2123 1432 2207 ipso
1462 2123 1644 2188 Pellerinio
1671 2139 1748 2210 pete
1770 2121 1814 2206 b).
1858 2125 1959 2190 Cete-

408 2245 508 2288 nerns
541 2225 756 2301 Reincccius,
796 2239 830 2289 et
858 2225 1067 2300 Vaillantius,
1098 2221 1153 2308 qai
1212 2248 1296 2288 rumx
1314 2224 1435 2288 latetur
1464 2225 1537 2302 bic,
1577 2247 1709 2288 numum
1745 2240 1957 2309 praesentem

408 2346 483 2388 eum
504 2309 692 2410 appendicis
711 2328 811 2392 instas·
828 2349 905 2394 suae
924 2325 1152 2390 Arsacidarum
1211 2327 1357 2410 ejusdcm
1380 2347 1454 2392 esse
1475 2328 1636 2406 fabricae,
1658 2329 1749 2408 cujus
1771 2343 1846 2392 sunt
1865 2335 1959 2394 nomi

409 2427 564 2493 historiae
586 2427 735 2512 subjecit.
1209 2451 1325 2514 regum
1346 2431 1461 2514 Syriae
1489 2431 1612 2496 cirum
1637 2430 1770 2498 Seleuci
1797 2435 1838 2498 ll.
1875 2447 1960 2500 tem·
2076 2519 2077 2526 ἵ

1196 2553 1290 2618 ‚pora
1311 2533 1438 2620 signati.

648 2665 908 2734 anatome.

472 2835 581 2917 Caput
602 2837 691 2917 regis
709 2837 849 2898 imberba
868 2839 960 2900 tiara
980 2840 1097 2902 conica
1119 2851 1152 2914 rt
1457 2773 1537 2840 'H'
1547 2775 1694 2839 ΗΕΒ·

405 2937 593 2998 diademata
612 2949 745 3003 tectum.
775 2931 1003 3000 tltAZIAtt
1018 2973 1032 2988 ·
1047 2974 1061 2988 ·
1087 2937 1153 3002 At·
1276 2941 1384 3024 Caput
1406 2945 1499 3024 ragis
1517 2943 1693 3008 barbatum
1719 2951 1809 3012 tiara
1836 2953 1955 3012 cortica
2074 2973 2075 3005 1

406 3029 550 3098 ΣΛΜΟ
565 3069 579 3086 -
609 3037 774 3122 Virpilco
794 3042 1031 3104 conicerentur
1048 3046 1078 3105 d.
1094 3043 1153 3104 ha·
1208 3055 1242 3106 at
1260 3046 1452 3107 diademata
1469 3055 1605 3110 tectum.
1636 3031 1955 3118 tt'BfflAEttz.

404 3149 492 3200 stam
514 3141 620 3200 citato
641 3157 724 3217 equo
740 3137 883 3203 vehitur.
909 3141 979 3204 ΔΕ.
997 3145 1039 3210 ll.
1061 3145 1152 3230 (Pat-
1209 3141 1392 3211 ΞΕΡΞΟΤ.
1426 3149 1581 3212 Victoria
1616 3163 1711 3214 stans
1742 3155 1776 3215 d.
1797 3167 1955 3234 protenta

404 3239 491 3304 lerin
509 3237 639 3302 lectites
658 3261 691 3322 p.
703 3242 774 3324 79.)
1207 3266 1383 3324 coronam,
1408 3267 1435 3310 s.
1456 3261 1587 3313 scutum
1609 3251 1705 3316 hami
1728 3257 1870 3333 attinet,
1893 3279 1955 3340 pro

466 3343 541 3424 lpse
566 3341 680 3426 capitis
702 3343 811 3407 cultus
831 3359 961 3426 monet,
990 3347 1148 3412 numisma
1202 3347 1342 3427 pedibus
1362 3345 1406 3414 Η.
1438 3350 1508 3430 AE,
1527 3352 1583 3414 lll.
1612 3353 1833 3436 (Bartbelemi
1857 3358 1954 3424 Bria.
2071 3409 2072 3437 ,

403 3443 490 3506 istud
517 3442 557 3506 ad
586 3442 673 3509 buno
699 3457 838 3510 tractum
865 3448 1046 3532 pertinere.
1084 3453 1149 3513 No·
1207 3450 1247 3512 Τ.
1262 3449 1349 3514 xxt.
1370 3451 1469 3514 Mem·
1490 3473 1524 3536 Ρ.
1539 3455 1630 3534 404·)
1860 3471 1865 3484 ’

405 3563 481 3607 men
498 3537 696 3610 ΛΙΣΛΜΟ
719 3561 833 3630 posset
855 3571 916 3614 nos
938 3549 979 3614 de
1000 3571 1077 3616 vera
1098 3575 1149 3616 re·
1269 3553 1376 3616 Alius
1400 3541 1541 3633 similis,
1577 3557 1637 3622 sed
1660 3559 1730 3621 att
1749 3563 1805 3627 lll.
1835 3563 1953 3646 (Catal.
2069 3637 2070 3648 ,

405 3645 455 3728 gie
474 3647 696 3730 appellatione
714 3650 857 3714 reddere
870 3653 1063 3738 ambiguos,
1086 3657 1148 3718 nisi
1206 3651 1370 3738 d'Ennery
1392 3680 1423 3742 p.
1437 3659 1506 3740 nd.)
2035 3653 2041 3662 ⁹
2069 3655 2070 3658 ¹

404 3765 446 3808 ex
464 3748 555 3825 aliis,
583 3763 618 3813 et
635 3751 858 3840 quidamque
880 3755 1014 3824 viciniae
1036 3779 1148 3822 monu-
1267 3759 1408 3820 Numam
1427 3761 1573 3843 priorem
1597 3781 1639 3824 ex
1662 3763 1752 3848 regis
1771 3763 1952 3830 Galliarum
2068 3751 2069 3756 ἵ

404 3849 520 3911 mentis
543 3865 725 3930 constaret,
742 3845 955 3920 elementum
976 3859 1010 3920 A
1030 3861 1150 3922 omissa
1209 3881 1322 3924 musco
1353 3861 1508 3946 subjectis
1542 3867 1722 3948 praeclaris
1754 3885 1953 3933 commenta·

406 3949 528 4014 lineola
559 3963 743 4020 transversa
773 3978 872 4044 saepe
900 3973 937 4022 ut
964 3954 1021 4038 A,
1057 3977 1092 4026 et
1122 3961 1150 4024 P
1206 3962 1263 4024 riis
1301 3963 1404 4026 edidit
1440 3967 1691 4050 Bartbelemyus
1725 3973 1773 4050 ⁰),
1810 3991 1950 4057 eumque

405 4052 526 4116 omisso
553 4056 687 4120 annullo
716 4071 751 4120 ut
781 4061 796 4120 I
826 4062 963 4126 exarari.
989 4063 1149 4132 euffoeta
1206 4065 1240 4126 in
1277 4067 1375 4131 variis
1412 4069 1479 4132 suis
1509 4071 1666 4154 operibns
1695 4073 1815 4138 obtulit
1845 4075 1952 4138 Frdli·

405 4155 507 4238 igitur
529 4176 608 4218 vera
631 4157 799 4222 literarum
823 4162 929 4227 forma
947 4167 1056 4228 evadit
1075 4163 1150 4226 ΑΡ·
1204 4168 1298 4231 chius
1337 4171 1576 4237 communicato
1606 4195 1719 4240 secum
1749 4177 1789 4239 ab
1820 4178 1949 4243 erudito

405 4253 558 4320 ΣΑΜΟ.
585 4257 787 4339 Frdliobius,
810 4283 884 4326 cnm
906 4265 1065 4330 creditam
1088 4269 1149 4330 Ar·
1206 4273 1247 4336 da
1268 4275 1360 4336 Boeo
1379 4287 1508 4358 ectypo.
1537 4277 1687 4362 Vterque
1708 4301 1845 4346 numum
1866 4281 1950 4344 bunc

405 4360 501 4422 santis
544 4381 698 4437 numum,
740 4363 932 4448 inscriptum
974 4361 1145 4432 ΣΑΜΟΤ
1205 4374 1318 4438 tribuit
1343 4375 1449 4451 Xerxi
1480 4379 1657 4446 Armeniae
1688 4385 1779 4468 regi,
1810 4386 1853 4448 dc
1887 4405 1950 4470 quo

405 4459 540 4537 ederet,
562 4463 620 4526 sed
643 4481 741 4547 quem
763 4467 886 4544 serius,
906 4480 944 4530 ut
965 4489 1042 4532 mox
1063 4471 1146 4536 infra
1196 4497 1287 4540 ,nnus
1304 4472 1461 4561 Polybius
1481 4479 1515 4541 in
1541 4485 1707 4568 excerptis
1722 4485 1849 4554 Valesii
1871 4491 1950 4556 baec

404 4560 551 4638 dicetur,
591 4585 664 4630 esse
693 4566 783 4652 regis
815 4569 919 4647 Sanni,
957 4571 1012 4636 vel
1042 4573 1146 4638 Samis
1204 4577 1302 4642 babet
1336 4575 1381 4662 d).
1434 4583 1515 4648 Cum
1555 4585 1737 4652 Antiochus
1779 4589 1948 4656 Armosata

1629 4715 1633 4722 .
1877 4710 1890 4726 .

441 4771 762 4850 nmnwmm
836 4780 949 4854 mm
1026 4785 1132 4856 em
1209 4765 1676 4860 mmmmmnmn
