4196 5458
410 541 495 632 ,pp
1041 525 1388 650 euocat-tce·¹

421 709 466 782 is,
494 703 550 790 qul
573 701 657 768 inlrs
682 715 807 767 taurum
832 702 955 788 paitrus
979 713 1046 780 est,
1072 707 1108 764 ut
1128 703 1165 764 in
1221 717 1285 788 que
1304 711 1434 786 recreet
1459 709 1526 768 non
1547 703 1644 768 morlo
1662 703 1757 784 ittet,
1783 707 1930 793 mourut.

420 803 644 892 praesentibus
661 800 875 871 Pofflssr.
896 800 946 867 Ex
961 801 1163 868 tetretlruclt·
1220 808 1284 896 lem
1308 803 1389 868 milti
1413 803 1508 870 video
1530 805 1709 891 impositam
1731 811 1928 876 necessitatem

420 909 482 975 mis
501 919 636 997 apparet
655 909 769 987 etlam,
795 923 862 971 ano
877 907 1061 992 eodemque
1078 919 1165 970 tem·
1218 908 1366 992 sapienti
1386 907 1475 992 plus,
1501 927 1596 994 mam
1615 921 1784 992 sapuerunt
1801 915 1860 990 illi,
1885 917 1929 1000 qai

419 1031 501 1100 pore
516 1013 602 1100 spusl
620 1011 761 1077 Aradios
782 1011 922 1076 suluisse
946 1029 1021 1077 cum
1039 1005 1076 1073 Σ
1091 1025 1161 1074 tum
1218 995 1365 1096 egregiis
1394 1011 1579 1094 linguarum
1606 1011 1802 1077 orientalium
1833 1015 1928 1082 studiis

418 1121 463 1196 0,
491 1113 579 1204 quoti
602 1117 699 1180 etiem
724 1113 759 1175 in
781 1113 862 1196 Tyri
883 1114 989 1178 numia
1011 1109 1162 1180 vidimus.
1217 1114 1368 1176 instructi
1388 1111 1422 1174 in
1444 1113 1526 1175 bano
1548 1131 1679 1176 arenam
1702 1115 1930 1194 descenderunt,

417 1217 483 1284 t‘c.
510 1215 720 1304 coniunctum
740 1233 814 1278 cuns
836 1235 921 1279 anno
939 1213 1030 1278 ZKP
1048 1215 1161 1296 docet,
1218 1233 1333 1282 verum
1362 1213 1460 1278 etiam
1488 1213 1576 1298 qood
1604 1215 1639 1278 in
1668 1217 1726 1281 bac
1753 1237 1841 1284 ιιιιιι
1864 1221 1930 1284 eitra

371 1319 374 1328 '
419 1341 453 1384 se
478 1323 503 1386 C
532 1319 597 1404 jem
630 1339 714 1386 anuo
744 1317 785 1388 V.
808 1319 845 1384 C.
870 1318 933 1383 bas
965 1317 1164 1402 promiscue
1217 1318 1361 1384 dedecus
1379 1317 1477 1380 liceat
1497 1317 1602 1382 minus
1624 1339 1740 1402 sapere
1765 1333 1929 1404 propterea,

419 1425 521 1490 Aradi
544 1424 645 1488 fuisse
671 1435 871 1505 usurpatum.
904 1419 1024 1488 Variae
1048 1421 1082 1483 iu
1109 1419 1160 1484 his
1217 1422 1305 1508 quad
1323 1421 1478 1484 hactenus
1493 1431 1567 1504 post
1588 1420 1796 1486 incredibiles
1812 1435 1932 1498 conatus,

418 1541 514 1590 notae
544 1523 769 1590 eritltrueticae
802 1543 894 1586 suum
926 1520 1030 1588 adhue
1059 1521 1160 1588 Oedi·
1216 1525 1507 1608 contentionesque
1525 1541 1590 1586 non
1608 1521 1713 1585 multo
1735 1524 1804 1607 plus
1824 1522 1931 1590 rislum

418 1647 494 1712 posu
518 1641 717 1714 exspectant
946 1641 948 1645 “
1216 1627 1402 1711 proiectum
1432 1647 1451 1688 a
1480 1623 1705 1707 peristisimis,
1736 1634 1825 1709 quem
1849 1647 1866 1689 s
1889 1627 1934 1688 mi·

673 1777 693 1815 4
777 1727 797 1766 ⁴*
880 1775 900 1815 ,
1216 1747 1278 1791 nos
1300 1727 1423 1811 peritis.
1467 1727 1510 1788 ltlt
1529 1725 1593 1789 fuit
1614 1726 1698 1790 baec
1719 1728 1860 1812 princepe
1877 1749 1935 1791 eau-

484 1833 682 1897 Conrordiu.
704 1832 784 1916 Ejus
803 1846 931 1906 tarum,
954 1842 988 1894 et
1004 1829 1074 1894 fors
1092 1829 1162 1892 uni·
1217 1847 1268 1907 se,
1301 1847 1360 1893 cur
1388 1839 1461 1891 ente
1490 1847 1592 1892 annos
1617 1827 1802 1912 complures
1821 1848 1935 1914 conspe·

416 1955 492 2000 cum
521 1933 555 1996 in
580 1933 646 1998 hoc
674 1924 780 1998 tractu
808 1931 1014 2015 exemplum:
1051 1929 1162 1993 APA-
1210 1931 1277 1996 ctis
1318 1931 1461 1995 virorem
1497 1931 1841 2015 praestantissimorum
1872 1951 1934 1993 nau·

417 2031 552 2103 etms.
569 2035 662 2101 ΚΑΙ,
678 2029 974 2100 ΛΑΟΔΙΚΕΩΝ.
994 2032 1059 2119 qT.
1082 2035 1159 2096 Duo
1216 2033 1328 2117 fragiis
1345 2051 1533 2098 recusarem
1550 2040 1681 2095 tentare
1699 2029 1842 2116 pelagus,
1861 2032 1935 2116 eujus

417 2140 531 2218 capitu
545 2139 720 2200 muliebrs'u
740 2140 864 2198 territe
874 2137 1004 2219 jugata,
1021 2133 1162 2200 Hadria·
1217 2135 1382 2200 turbidum
1400 2134 1567 2221 ingenium
1588 2147 1709 2218 erepto
1732 2133 1829 2198 oculis
1848 2133 1933 2210 coelo,

416 2236 607 2322 ni.(Vaill.)
630 2236 984 2321 EstLaodiceaSyriae
1001 2235 1159 2304 stimate.
1217 2237 1355 2321 objectis
1383 2236 1527 2321 undique
1558 2233 1725 2320 scopulis,
1763 2235 1934 2320 incertisque

675 2387 698 2425 4
782 2337 802 2378 *
883 2385 906 2424 „
1216 2335 1388 2402 itineribus
1404 2339 1539 2402 alterius
1556 2338 1666 2400 litoris
1683 2357 1775 2422 spem
1791 2336 1934 2400 adimeret.

478 2435 835 2518 LitsreePlsoent'cs’ae,
852 2443 904 2506 vel
919 2441 1046 2524 integre
1060 2437 1161 2505 verba
1218 2441 1329 2536 Quare
1358 2439 1536 2506 consultius
1565 2439 1693 2516 risum,
1723 2441 1810 2504 nolle
1828 2459 1936 2524 prom·

417 2541 670 2621 constituentes,
697 2545 750 2608 sel
775 2543 950 2607 solitariae.
982 2541 1094 2604 Meum
1117 2539 1159 2604 de
1216 2544 1321 2610 venda
1352 2541 1528 2628 peregrina
1555 2539 1616 2604 iac
1652 2543 1787 2606 scientia
1822 2540 1935 2624 gloriam

416 2641 575 2708 similibus
597 2645 701 2707 literis
720 2641 875 2728 judicium
902 2639 977 2708 vido
1002 2641 1158 2706 continuo
1216 2630 1394 2732 quaerere,
1424 2659 1519 2728 atque
1539 2661 1700 2722 eeomne
1725 2643 1857 2706 studium
1875 2663 1935 2707 con·

416 2747 450 2808 in
471 2747 700 2810 dissertatione
720 2745 886 2828 singulari.
1215 2749 1322 2825 ferre,
1346 2761 1382 2810 ot
1401 2769 1483 2833 quae
1501 2747 1661 2810 hactenus
1681 2745 1722 2809 ad
1740 2743 1935 2808 illustrandam

479 2849 615 2911 Literee
647 2845 796 2909 Graecae
828 2845 992 2922 solitariae
1019 2841 1054 2908 ln
1079 2865 1160 2910 non·
1212 2850 1298 2915 banc
1315 2862 1442 2934 perteue
1464 2847 1559 2912 allata
1583 2857 1678 2926 sune,
1711 2847 1872 2934 explanem
1888 2847 1937 2908 sin·

411 2950 515 3014 nullis
534 2949 764 3023 observentur,
791 2962 826 3009 ut
845 2945 875 3010 Γ
893 2948 927 3010 iu
945 2967 1046 3010 nomo
1063 2949 1160 3012 Com·
1216 2951 1308 3037 gula,
1339 2951 1386 3014 sic
1407 2963 1535 3028 umen,
1563 2963 1601 3014 ut
1623 2949 1731 3015 licere
1754 2949 1830 3012 mitt
1848 2947 1937 3011 eristi·

416 3053 522 3129 motli,
540 3049 702 3134 (Pellerin
719 3047 799 3115 Mel.
813 3049 868 3131 ll.)
889 3048 968 3112 Ain
985 3069 1084 3113 numo
1101 3052 1159 3115 Se·
1215 3071 1320 3125 mem,
1345 3071 1430 3137 quae
1452 3051 1593 3115 tenende
1614 3051 1805 3130 videantur,
1833 3064 1880 3114 sm
1895 3069 1937 3111 re·

416 3155 498 3218 veri.
525 3151 687 3235 (Pelleriu
715 3151 829 3236 Suppl.
845 3151 903 3219 IV.
929 3170 960 3234 p.
975 3153 1022 3233 b.)
1055 3148 1157 3229 Vide,
1214 3149 1399 3241 probanda,
1417 3151 1518 3216 autin
1537 3155 1676 3218 incertis
1694 3153 1847 3240 petenda,
1863 3148 1936 3214 nullo

415 3277 499 3341 quae
521 3253 562 3318 sle
587 3255 637 3317 his
658 3253 699 3316 ad
720 3271 836 3316 numos
851 3251 1001 3318 Beroeae
1018 3255 1158 3337 Cyrrbe·
1213 3259 1354 3343 partium
1369 3253 1488 3334 audio,
1505 3253 1579 3320 solo
1594 3256 1776 3322 adductum
1792 3254 1858 3324 reri
1869 3270 1938 3318 auo·

416 3353 515 3421 eticae
533 3356 651 3420 notam
946 3427 949 3432 ,
1055 3369 1061 3384 ·
1207 3379 1252 3423 uc
1274 3349 1465 3442 dijudicare.

1274 3461 1459 3543 Antequam
1493 3455 1580 3522 ill'esl
1617 3479 1791 3546 exponere
1828 3457 1938 3532 ordior,

1212 3560 1301 3649 quosl
1330 3561 1469 3626 maxime
1500 3561 1659 3629 evincere
1686 3563 1791 3648 ‘gestit
1819 3559 1939 3632 animas,

651 3641 724 3706 'DE
754 3639 922 3710 Nvffls
1211 3663 1623 3750 opportunumtitletur,
1642 3661 1833 3749 t'lieciplinae
1859 3661 1937 3743 hujus

423 3796 593 3868 UNffl
622 3799 865 3864 momen
892 3799 1145 3867 mennam
1212 3767 1411 3831 Phoenicius
1438 3785 1652 3850 progressum
1680 3767 1792 3851 paneis
1819 3781 1939 3848 expone

1209 3891 1261 3936 re.
1298 3868 1453 3952 Ajebam,
1485 3887 1720 3953 progressum,
1750 3879 1823 3930 uam
1842 3865 1878 3929 etl
1897 3884 1939 3924 or·

1126 3979 1130 3990 '
1210 3985 1279 4034 tum
1296 3967 1384 4056 qood
1401 3955 1532 4046 attinet,
1550 3969 1697 4047 scilicet,
1715 3991 1798 4055 quae
1816 3967 1940 4032 Bcchar-

1205 4073 1289 4151 -tloo,
1319 4069 1600 4147 Montlsuconina,
1628 4071 1858 4147 libenlerslus,
1883 4067 1938 4131 alii·

478 4165 621 4232 artum
647 4169 681 4232 in
709 4189 762 4233 mc
788 4171 989 4256 provinciam
1008 4171 1154 4255 suscipis
1209 4194 1276 4259 que
1295 4171 1357 4238 siri
1377 4186 1594 4256 praestantes,
1620 4173 1740 4260 quibus
1760 4185 1884 4237 uestrae
1899 4187 1940 4232 ee·

408 4291 587 4336 numerum
607 4271 860 4336 Phoeniciorum
883 4286 1029 4338 naturam
1053 4273 1156 4360 expli·
1208 4277 1283 4339 tatis
1313 4273 1455 4337 subsidia
1483 4271 1647 4356 deerant„
1669 4275 1737 4340 huc
1768 4271 1938 4340 contulere,

416 4390 491 4434 esre
508 4391 915 4460 aggressurus,qoamque
934 4361 1154 4444 detrectarem
1204 4375 1298 4462 quoti
1320 4371 1441 4438 nullius
1459 4375 1524 4460 jam
1543 4395 1620 4440 usus
1639 4389 1733 4454 sunt,
1760 4389 1939 4440 commemo·

415 4469 578 4552 libenter,
605 4473 668 4536 uisi
695 4487 791 4560 torpe
818 4489 984 4558 putarem,
1015 4479 1056 4540 etl
1077 4497 1156 4562 ope·
1209 4499 1288 4542 rare
1310 4475 1437 4542 inutile.
1466 4475 1576 4541 babet
1592 4477 1733 4561 igitura
1753 4491 1878 4552 nostrae
1897 4491 1941 4534 et·

415 4571 462 4634 ris
480 4593 636 4640 summam
647 4577 737 4643 'benc
755 4576 872 4642 deesse
893 4592 1036 4662 partem,
1057 4580 1154 4644 tantis
1212 4581 1284 4646 tetis
1302 4579 1471 4644 conatibus
1489 4581 1658 4664 auspicari.

417 4671 530 4736 stusliis
550 4679 699 4758 proxime
719 4679 805 4742 inter
825 4679 972 4743 eruditos
991 4679 1153 4766 agitatam.
1274 4683 1403 4746 Primos
1423 4683 1673 4767 Barthelempus
1696 4685 1731 4744 in
1753 4701 1792 4746 re
1813 4677 1940 4762 entique·

627 4005 942 4088 Prolegometta.

411 4771 481 4833 sed
506 4795 558 4836 nse
579 4777 703 4860 inipso
724 4781 958 4848 editueuxiam
980 4783 1158 4849 solicitum·
1207 4786 1261 4848 ria
1286 4805 1449 4859 summus,
1477 4781 1596 4876 etjam
1619 4809 1636 4850 a
1656 4783 1858 4868 Palmyrenis
1880 4779 1941 4840 lite·
