4160 5454
682 545 879 636 REGE&
914 561 1135 636 Siluii).
1467 499 1469 507 Ι
1612 587 1687 656 213

133 723 337 810 ustngatt·
366 725 441 792 iare
467 723 592 794 anticas
615 729 774 814 capitibus
794 729 886 794 vide·
941 733 994 794 Ex
1016 731 1115 794 simili
1140 751 1236 798 causa
1255 733 1445 814 docuimus,
1472 736 1620 802 Prusiam
1644 741 1684 802 li.

134 840 216 892 not.
248 827 356 921 Quod
378 831 407 892 si
426 851 559 909 samm,
585 831 742 894 habemus
762 831 884 896 bouum
935 833 1113 915 'Bithyniae
1134 853 1249 916 regent
1277 817 1374 920 capiti
1406 836 1569 904 addidisse
1600 842 1687 920 slas,

137 931 314 996 Selmcum
333 933 480 996 omnium
499 931 678 998 formarum
695 931 883 1022 patientem.
940 953 1064 1018 nempe
1080 934 1169 1020 quod
1189 956 1266 1000 cum
1287 938 1408 1002 ismilia
1430 939 1686 1024 Antigoni'cen·

134 1037 178 1098 At
203 1034 340 1120 gratim
367 1034 410 1098 ab
438 1035 478 1100 iis
504 1035 539 1098 in
563 1036 626 1102 ltoe
647 1055 747 1098 numo
767 1055 884 1120 pecca·
939 1033 1069 1116 isuotss
1084 1049 1172 1100 crat:
1185 1037 1320 1102 Seleuci
1335 1043 1489 1124 exemplo
1505 1043 1591 1106 iilius
1607 1065 1685 1130 quo-

135 1153 224 1216 tam,
252 1138 330 1230 quia
351 1137 454 1203 iacies
475 1138 729 1230 paradelosoeus
747 1149 818 1215 cst,
849 1151 884 1202 et
935 1137 1209 1222 quaesticulus
1236 1141 1528 1226 alam'usurpavit,
1566 1156 1601 1209 ut
1634 1145 1683 1225 iu]-

133 1261 218 1325 qose
246 1243 405 1306 contiuuo
427 1241 603 1305 Seleucum
631 1239 783 1308 fastidiat.
817 1243 883 1302 Au·
937 1239 990 1304 ira
1005 1238 1163 1306 dicemus.
1191 1239 1319 1304 Taurus
1336 1260 1534 1328 cornupeta,
1558 1249 1614 1331 qui
1635 1263 1699 1329 est,

133 1359 245 1406 mores
267 1357 417 1420 veteres,
443 1344 500 1427 qui
523 1343 709 1420 minimum,
736 1341 882 1406 Seleuco
938 1341 972 1403 iu
1002 1361 1116 1407 auersa
1145 1343 1236 1404 numi
1264 1343 1360 1428 hujus
1378 1359 1416 1411 et
1437 1347 1682 1431 praecedentis,

132 1445 237 1510 m.
260 1445 349 1508 ritae
376 1465 478 1508 annos
507 1441 654 1506 trulsuuut
676 1445 714 1526 ¹).
759 1444 882 1507 Caesus
934 1441 1024 1506 itaud
1044 1443 1142 1508 dabie
1160 1443 1188 1507 is
1206 1443 1294 1507 idem
1314 1459 1380 1523 est,
1408 1469 1505 1531 quem
1523 1469 1567 1514 ex
1585 1454 1684 1516 sacri·

130 1561 184 1610 est
210 1547 254 1614 V.
277 1547 317 1611 C.
345 1547 442 1632 473„
476 1565 598 1609 nomen
625 1545 716 1630 regis
745 1545 882 1630 sumpsit
938 1541 1015 1607 licio
1036 1545 1231 1630 profugum,
1255 1567 1293 1612 ac
1315 1559 1480 1614 retentum
1502 1553 1681 1618 aSeleuco

130 1649 174 1714 V.
191 1649 231 1713 C.
251 1651 344 1724 448„
366 1667 450 1730 ergo
470 1647 534 1710 etsi
550 1667 684 1708 numum
703 1647 790 1710 hunc
805 1669 881 1710 mox
938 1667 1035 1730 supra
1055 1647 1206 1712 diximus.

127 1763 206 1836 post
221 1765 413 1834 susceptum
429 1749 520 1833 regis
538 1749 667 1810 titulum
686 1767 880 1832 percussam
982 1749 1125 1812 'Nuntius
1146 1751 1203 1816 tv.
1227 1751 1415 1834 Apollinem
1443 1755 1527 1818 sistit
1544 1751 1681 1820 ¹Seleuci

124 1851 329 1929 statuamus,
357 1873 421 1915 uon
440 1864 548 1935 potest
566 1869 606 1912 ca
626 1851 727 1914 ls.'·es
748 1871 881 1936 compe·
905 1887 907 1892 ¹
932 1851 1099 1914 creditum
1124 1864 1271 1936 patrem,
1289 1874 1341 1918 -ac
1365 1870 1540 1940 propterea
1564 1857 1597 1919 in
1624 1859 1682 1922 Se·

123 1969 203 2018 tere
237 1955 402 2028 Seleuco,
429 1953 494 2036 jam
521 1965 589 2013 tum
617 1951 736 2022 XLIV.
766 1955 879 2018 aetatis
937 1953 1270 2026 leucidarumoumis
1294 1973 1393 2043 saepe
1413 1959 1558 2022 obvium.
1595 1959 1679 2022 Esse

121 2075 253 2120 nuum
280 2055 401 2142 agouti.
438 2056 531 2137 Ergo
558 2051 600 2115 ad
626 2054 759 2118 numina
788 2077 880 2120 arer-
935 2057 1167 2120 uumismatlou
1193 2057 1280 2120 istud
1306 2059 1402 2139 hujus
1428 2061 1578 2138 Seleuci,
1614 2055 1682 2125 col·

121 2157 252 2222 teudus
286 2158 421 2222 animus.
462 2155 517 2232 Si,
546 2167 583 2216 ut
610 2155 746 2220 exuviae
772 2157 879 2222 leonis
925 2158 1067 2243 “ligoex
1083 2178 1180 2240 parca
1198 2158 1379 2243 epigraphe
1398 2160 1468 2224 ΒΑ.
1484 2157 1578 2240 ΣΕ.,
1604 2183 1678 2226 uam

122 2259 335 2335 Herculem,
373 2257 420 2320 sic
452 2258 522 2320 alae
552 2259 754 2321 Mercurium
785 2261 879 2324 nobis
936 2279 1144 2326 successores
1163 2260 1370 2326 liberaliores
1388 2262 1494 2326 suere.

120 2359 296 2436 indicant,
328 2360 485 2423 babemus
512 2360 715 2422 luculentum
739 2363 880 2428 Herme-

120 2463 278 2538 rsclcm,
303 2462 549 2543 conconjuncta
568 2463 730 2531 Herculis
742 2478 775 2527 st
790 2469 880 2528 Meu·
1005 2498 1109 2563 Num,-
1129 2499 1260 2562 Seleuci
1277 2502 1459 2584 cujuspiam
1476 2503 1607 2565 mem·

122 2565 218 2628 curii
251 2564 394 2628 numios.
438 2567 564 2632 Verum
596 2584 669 2627 eum
702 2585 768 2627 nou
800 2568 884 2630 satis

117 2679 289 2752 appareat
318 2685 436 2748 regum
467 2665 581 2748 Syriae
610 2685 683 2728 cntn
708 2669 878 2731 Mercurio
997 2666 1150 2750 Inscripti
1167 2685 1299 2754 omnesa
1322 2663 1585 2731 ΒΑΣΙΛΕΩΣ.
1601 2663 1678 2732 ΣΕ-

117 2789 252 2844 naxus,
272 2768 382 2830 malim
406 2787 587 2849 agnoscere
602 2767 785 2832 Herculem
802 2789 877 2833 cum
933 2763 1137 2830 AETKOT.
1174 2769 1275 2852 'l'ypit
1315 2769 1424 2852 Caput
1451 2771 1616 2834 Palladis.
1653 2769 1706 2846 ἶ,

122 2871 260 2933 Perseo
284 2869 388 2934 heroe
409 2861 573 2952 junctum,
596 2870 691 2952 cujus
711 2872 810 2933 etiam
834 2883 879 2934 at·
938 2871 1092 2932 Victoria
1106 2871 1280 2952 grediens,
1296 2871 1399 2947 juxto
1417 2891 1602 2934 oncoro.--
1617 2876 1677 2938 Co-

120 2973 291 3036 tributum
331 2985 405 3036 sunt
442 2973 533 3050 alae,
576 2972 664 3056 quod
702 2952 876 3056 utrumque
931 2983 994 3052 put
1010 2969 1198 3051 Apollinis.
1230 2968 1254 3030 Ξ
1280 2973 1398 3034 Pelles
1414 2984 1510 3036 stans
1528 2975 1678 3053 jaculum

120 3095 254 3138 numen
283 3096 345 3158 qua
371 3073 498 3136 ratione
527 3072 568 3137 ad
595 3073 811 3150 Macedones,
839 3093 876 3138 ac
933 3075 1059 3150 vibrat,
1076 3072 1179 3150 jurio
1194 3093 1326 3136 ancora.
1347 3107 1391 3120 -
1417 3075 1524 3156 Caput
1538 3077 1676 3139 Bocchi.

124 3177 309 3260 praecipue
331 3195 444 3239 eorum
466 3195 565 3260 reges
586 3176 797 3260 pertinuerit,
823 3174 877 3238 ab·
933 3171 957 3236 Σ
984 3176 1102 3260 iiipus
1117 3187 1185 3238 etc.
1237 3221 1243 3234 .

124 3277 222 3341 unde
239 3277 451 3360 disputatiio
471 3277 576 3340 oumis
594 3277 737 3362 Philippi
751 3279 791 3346 V.
809 3281 876 3342 Ma·
1140 3307 1143 3314 ’
1191 3305 1210 3343 a
1292 3256 1314 3296 ⁵⁸
1392 3305 1416 3346 a

124 3379 290 3444 eudociae
308 3380 410 3463 regis.
980 3381 1048 3443 .Ds
1073 3379 1179 3464 numia
1206 3379 1339 3443 Seleuci
1362 3381 1406 3455 1.,
1441 3399 1523 3464 quos
1553 3380 1673 3444 emditi

192 3485 231 3544 lu
253 3481 345 3544 numi
373 3482 429 3546 ttt.
458 3481 562 3566 capite
584 3479 705 3544 lubens
730 3499 873 3565 agnosco
931 3481 986 3544 rcl
1010 3481 1165 3566 Pergami
1188 3483 1326 3566 Mysiae,
1357 3482 1411 3546 rel
1433 3483 1672 3546 Diocaesareae

126 3585 331 3660 Seleucum,
355 3603 430 3646 uam
449 3597 482 3646 et
501 3583 632 3645 additu-r
649 3581 812 3660 diadema,
839 3595 873 3645 et
929 3577 1094 3650 Galilaeae
1110 3597 1282 3668 perperam
1298 3603 1393 3646 cusos
1407 3582 1592 3660 credidere,
1607 3584 1673 3666 agi·-

124 3687 232 3751 iacies
256 3685 435 3752 secuudum
461 3686 617 3770 picturam
643 3685 773 3768 Haymii
798 3705 872 3770 pro·
929 3685 1176 3750 turinmoueta
1193 3686 1361 3767 utriusque
1380 3683 1479 3748 urbis·
1662 3677 1665 3688 ’

123 3789 312 3853 rectiorem
341 3801 481 3854 aetatem
508 3788 635 3872 arguit.
676 3789 782 3850 Causa
818 3787 872 3849 atl-
922 3767 926 3774 ¹
994 3787 1166 3852 Nicatoris
1181 3787 1294 3849 titulus
1312 3807 1353 3850 ex
1367 3784 1532 3849 historicis
1547 3798 1671 3852 tautum

122 3893 256 3976 positae
286 3891 384 3978 capiti
413 3892 482 3954 alae
511 3910 555 3953 er
582 3911 659 3953 mox
689 3889 783 3952 dictis
813 3909 870 3976 pa·
925 3888 1076 3975 cognitus
1091 3887 1422 3965 iunumisretieetur,
1440 3903 1669 3975 praeterquam

120 3993 226 4058 tenda
253 4009 314 4059 est.
356 3993 497 4078 Propius
523 3991 665 4056 Seleuco
693 3993 726 4054 iu
752 3993 871 4056 Persai
925 3993 1117 4057 Goltzianis.

122 4099 211 4162 alam
234 4095 305 4180 jus,
329 4117 372 4159 cx
394 4115 460 4180 quo
477 4115 539 4178 per
554 4114 691 4158 uxorem
711 4091 870 4158 Stratoni·
928 4103 931 4110 ’

123 4221 187 4264 ten
210 4199 377 4262 Demetrii
395 4197 590 4262 Poliorceils
610 4198 648 4259 F·
670 4195 869 4261 adfinitatem
1011 4229 1318 4300 ANTIOCHVS
1344 4231 1370 4295 Ι.
1400 4231 1571 4296 SOTER

123 4301 292 4368 contraxit
317 4319 392 4364 cum
419 4299 541 4362 familia
567 4299 744 4384 Antigoni,
773 4321 869 4385 quam
1573 4281 1583 4302 ’

123 4426 187 4490 per
202 4401 397 4466 Heraclidas
415 4399 612 4466 Temenidas
630 4401 670 4466 ad
688 4404 870 4466 Herculem
980 4401 1122 4466 ‘Seleuci
1144 4416 1178 4466 et
1198 4401 1339 4484 Apamea
1356 4401 1395 4467 F.
1413 4399 1539 4464 Callida
1557 4401 1666 4465 Eunu

123 4523 159 4574 ct
182 4507 345 4572 Perseum
364 4505 521 4569 retulisse
545 4503 700 4587 stirpem
730 4485 870 4570 diatimm
926 4503 1023 4568 strati
1038 4502 1168 4569 medici
1195 4503 1332 4567 consilio
1354 4503 1437 4590 patri
1459 4504 1665 4576 Stratonicen

122 4629 259 4698 quoquo
286 4609 322 4672 iu
348 4609 457 4671 numia
484 4605 632 4691 ejusdem
656 4607 802 4693 ttttttppt
826 4607 868 4676 V.
927 4619 1129 4693 extorquet,
1151 4603 1295 4670 interam
1335 4604 1432 4666 simui
1468 4623 1664 4686 novercam,

157 4831 192 4900 a)
210 4817 342 4899 Appiam
359 4815 472 4892 Syrico.
