4160 5454
643 542 835 620 eneas
866 543 1095 622 suetan.
1574 567 1647 650 22,

115 723 356 801 postcommun
375 710 502 780 cladem
522 731 693 790 caeso,·sc
710 725 839 788 mortuo
892 713 1021 780 damnis
1047 715 1234 794 adfecerat,
1263 714 1351 782 liber
1377 715 1550 788 dimittitur
1578 724 1641 788 eir-

114 818 208 904 psulls
228 827 301 901 post
328 834 371 880 ex
400 813 590 880 vulneribus
611 811 838 882 Philomeiore
896 838 935 908 cp
956 839 1074 884 annum
1094 819 1135 889 V.
1149 819 1185 885 C.
1206 821 1280 897 hal.
1313 821 1503 888 Demetrius
1525 824 1561 890 in
1587 845 1640 892 re·

113 919 303 984 inuniverss
327 917 419 1001 Syris
444 937 505 982 rer
532 919 721 1002 agnoscitur
741 921 782 990 V.
800 920 837 988 C.
897 941 996 1005 gnum
1015 919 1139 998 redux,
1166 921 1255 986 etad
1276 935 1425 990 veterem
1448 945 1575 990 morum
1596 926 1643 992 in·
1700 1001 1705 1008 .

113 1023 173 1088 hod.
209 1017 369 1084 ldilitihus
392 1019 519 1084 ludaeis
542 1019 577 1082 in
597 1019 839 1086 Antiochenses
893 1021 1069 1086 solentiam
1090 1041 1244 1088 reterens
1265 1023 1309 1089 its
1331 1026 1425 1092 brevi
1443 1027 1639 1110 Syroruma

111 1123 346 1208 sihisuspectos
363 1121 516 1186 immissis
532 1121 720 1188 adtentum
737 1123 840 1188 millia
896 1144 932 1188 se
962 1126 1087 1192 animos
1115 1127 1249 1204 avertit,
1279 1141 1315 1191 ut
1340 1129 1446 1192 missis
1469 1127 1510 1192 ad
1531 1130 1642 1194 Ptole·

110 1224 840 1310 &mmmoeffithmmmhncmffldi
896 1228 1643 1316 moemanwmmnhgmsmfflmpme
1708 1225 1715 1246 ⁵

110 1331 172 1394 tatis
191 1341 380 1413 argumenta
403 1349 477 1392 cum
501 1346 636 1391 suornm
657 1327 767 1390 odium
791 1327 840 1390 in·
893 1343 988 1408 rent,
1017 1351 1123 1414 aquo
1145 1334 1178 1394 in
1201 1332 1314 1414 Syriae
1335 1351 1474 1415 regnum
1497 1333 1641 1398 introeas

110 1433 265 1506 ruminet,
305 1430 467 1513 Tryphon
504 1429 693 1514 praelectus
727 1431 839 1515 regius
895 1433 1086 1498 Alexander
1121 1431 1250 1518 quidam
1280 1433 1404 1498 Zehina
1433 1435 1640 1500 Demetrium

111 1535 289 1597 Antiochum
310 1529 495 1594 Alexandri
516 1535 540 1598 1.
568 1533 671 1595 lilium
699 1553 840 1618 puerum
896 1536 989 1622 gravi
1009 1537 1103 1600 clade
1121 1531 1259 1612 attrivit,
1285 1536 1341 1620 qni
1358 1535 1498 1599 subinde
1516 1539 1642 1621 Tyrum

111 1657 146 1700 ex
163 1635 291 1711 Arabis,
318 1633 378 1696 uhi
396 1635 559 1698 Demetrii
581 1637 621 1696 ll.
642 1649 735 1721 meta
758 1635 840 1700 deli·
896 1639 1054 1724 profugus
1084 1651 1225 1722 urgente
1254 1659 1359 1702 uxore
1391 1637 1564 1723 Cleopatra
1593 1638 1639 1701 ihi

108 1751 214 1814 tuerat,
235 1751 409 1801 evocatum
428 1737 468 1804 V.
488 1735 613 1802 exoro.
630 1759 746 1822 regem
764 1759 840 1821 pro·
888 1743 1024 1808 *occicus
1042 1753 1092 1803 est
1111 1741 1152 1808 V.
1172 1740 1208 1802 C.
1226 1737 1301 1805 628.

107 1841 208 1904 clamet
223 1837 346 1902 additis
363 1837 549 1902 nominihus
566 1839 743 1924 Epiphania
759 1841 840 1904 Dio·
955 1845 1011 1905 Ex
1036 1843 1211 1926 Cleopatra
1232 1840 1417 1905 Ptolemaei
1437 1841 1640 1907 Philometo-

106 1943 181 2024 sysi,
204 1941 243 2004 ad
264 1963 367 2026 quem
389 1942 544 2004 continuo
565 1963 640 2025 pars
663 1943 840 2017 exercitus,
889 1947 942 2008 ris
963 1947 1000 2007 F.
1025 1945 1169 2028 suscepit
1192 1943 1369 2008 Seleucum
1388 1946 1448 2021 V.,
1472 1957 1507 2008 et
1529 1945 1641 2008 Antio·

108 2042 1098 2128 memwmwmmmcmfflh

108 2146 222 2210 levitate
254 2143 428 2210 deliciunt.
474 2143 541 2207 Sed
570 2165 692 2209 novum
721 2166 837 2228 regem

106 2247 183 2333 ipse,
208 2245 264 2334 qni
292 2246 527 2323 constituerat,
557 2247 715 2329 Tryphon
736 2249 837 2310 inter·

106 2351 183 2426 imit,
208 2363 242 2414 et
262 2362 435 2430 sceptrum
456 2349 527 2431 ipse
548 2347 582 2410 in
605 2349 720 2430 Syriae
742 2361 835 2431 parte

107 2449 239 2535 capessit.
267 2450 480 2528 Demetrius,
504 2461 541 2512 nt
561 2450 682 2512 amicos
702 2449 764 2512 sihi
784 2449 839 2512 ad·
962 2453 1069 2531 caput
1084 2452 1179 2532 'regis
1200 2453 1435 2528 diadematum.
1467 2443 1638 2512 enazi-

107 2573 205 2616 rersns
228 2555 398 2618 aemulum
421 2565 669 2636 praepotentem
691 2561 836 2633 pararet,
893 2549 1048 2618 ΛΕΩΣ.
1077 2547 1370 2614 AHMHTPIOT.
1403 2545 1538 2618 ΘΕΟΤ.
1569 2545 1657 2614 (DL,

106 2655 139 2722 V·
154 2655 186 2720 C.
203 2656 274 2720 hse.
310 2653 442 2718 Simoni
465 2653 587 2717 Iudaeo
614 2649 836 2736 pontificatum
893 2646 1481 2717 AAAEA‹1›0T.N1KATOP02.
1510 2653 1639 2736 Apollo

107 2753 836 2840 mpmmpwmcwffimm,alffimmmn
894 2755 1639 2836 mMm·m&m·dsQumm,r.mwm0

107 2859 182 2942 genti
205 2858 374 2942 impertit,
407 2879 449 2920 ex
471 2877 537 2942 qno
559 2857 671 2920 ludaei
693 2876 835 2941 coepere
893 2857 964 2920 AR.
980 2858 1005 2921 1.
1028 2854 1209 2936 (Frdliclr.)
1237 2855 1279 2916 In
1299 2857 1369 2918 clio
1387 2857 1522 2936 insuper
1537 2851 1636 2918 ΗΞΡ.

106 2959 836 3044 mmmmnmhmmfflhmfflMmtomo
894 2959 1289 3039 Asthlssmdhmm)
1392 2987 1396 2994 ·

107 3063 129 3124 1.
147 3064 201 3125 sud
224 3063 360 3126 Simone
380 3081 507 3125 summo
529 3065 722 3124 sacerdote„
744 3061 837 3122 Moto
956 3060 1008 3120 En
1027 3057 1219 3139 conjunctos
1237 3079 1349 3122 omnes
1366 3057 1529 3122 Demetrii
1544 3059 1584 3124 11.
1600 3059 1638 3119 ti·

107 3161 227 3228 suhinde
243 3163 404 3227 adversus
420 3163 576 3228 Arsacem
591 3163 747 3226 Parthum
767 3161 837 3224 hel·
892 3161 991 3225 talos.
1013 3158 1080 3224 Θιι
1094 3159 1178 3222 ratio
1196 3179 1237 3222 ex
1253 3171 1328 3223 nota
1343 3180 1460 3244 regum
1478 3160 1638 3242 Syrorum

107 3265 135 3327 lo
156 3267 276 3352 capitur
298 3265 343 3332 V.
359 3265 396 3328 C.
416 3261 507 3342 out,
535 3265 622 3326 etin
640 3263 836 3346 Hyrcaniam
892 3263 1033 3326 vanitate
1053 3261 1128 3326 satis
1149 3275 1271 3342 aperta.
1301 3255 1511 3338 (lhhordrhcor
1531 3259 1637 3322 dictus

106 3369 236 3432 mittitur.
275 3367 323 3430 At
350 3365 525 3450 Cleopatra
552 3365 738 3448 Tryphonis
769 3365 835 3429 vim
893 3364 936 3428 oh
957 3385 1103 3428 amorem
1124 3362 1234 3426 fratris
1256 3361 1411 3426 Antiochi
1432 3363 1518 3437 Vll..
1544 3362 1636 3444 cuins

107 3466 836 3552 mmmmmtmfimrmddhmmmdm
892 3463 1633 3550 hmqmfflmnmmfflehffitmmoemmm

105 3575 232 3638 tiochum
254 3571 411 3648 arcessit,
442 3569 539 3633 etad
560 3565 835 3652 regnum.simul,
890 3569 995 3632 frater
1024 3567 1110 3652 apud
1134 3567 1273 3630 Parthos
1299 3565 1444 3648 captivas
1468 3559 1636 3628 detineba-

106 3689 262 3760 tornmqne
286 3671 420 3749 inritat,
450 3671 507 3756 qai
527 3672 684 3734 continno
707 3669 835 3752 Syriam
890 3683 961 3749 tur,
981 3683 1018 3732 ut
1036 3669 1186 3732 diximus.
1210 3663 1504 3741 ΝΙΚΑΤΟΡΟΣ,
1523 3669 1638 3730 Victo·

104 3763 255 3860 ingressus
278 3789 454 3860 utrumque
475 3787 622 3858 acceptat
643 3773 685 3841 V.
703 3773 738 3834 C.
760 3773 833 3836 (ιιό.
891 3777 959 3849 ris,
993 3791 1120 3835 caueam
1151 3770 1298 3854 suggerit
1323 3765 1490 3850 Appianas
1515 3767 1562 3846 ·)ι
1601 3779 1635 3830 et

104 3875 834 3962 amfflofflfiEwaenmnmfflm,dmwm
891 3866 1635 3952 mmanMMmmcmmffime(fflm

104 3999 158 4064 qne
178 3981 391 4065 Tryphonem
418 3979 459 4043 ad
486 3999 603 4042 necem
633 3977 743 4068 adigit.
784 3980 835 4038 In·
887 3975 1049 4040 xandrnm
1074 3975 1114 4055 Ι.)
1145 3970 1338 4050 Nicatorem
1364 3969 1443 4052 Syri
1470 3973 1636 4052 cognomi·

104 4095 182 4146 terea
197 4083 404 4162 Demetrius,
422 4082 486 4146 etsi
501 4101 578 4144 enm
596 4083 736 4144 Arsaces
753 4077 835 4142 libe·
891 4089 1030 4153 norunt,
1047 4077 1225 4139 secundum
1240 4086 1317 4152 post
1332 4070 1519 4148 Seleucum,
1534 4092 1556 4134 a
1571 4090 1633 4152 quo

103 4183 203 4248 naliter
222 4185 381 4261 haberet,
412 4183 459 4248 sic
485 4197 521 4246 nt
548 4201 709 4267 generum
736 4181 833 4244 etiam
890 4181 1127 4244 descenderunt
1147 4175 1267 4259 Syriae
1288 4191 1391 4256 reges.

102 4283 302 4364 adscisceret,
321 4285 486 4350 redeundi
505 4299 614 4351 tamen
635 4283 671 4346 in
692 4303 831 4366 regnum
951 4281 1062 4364 Typus
1082 4295 1217 4346 eversae
1239 4275 1275 4338 in
1292 4295 1411 4362 regam
1426 4272 1539 4358 Syriae
1560 4289 1629 4336 mo·

100 4387 246 4472 cupidus,
271 4387 329 4452 ted
353 4387 403 4450 his
426 4401 548 4452 tentata
562 4386 647 4471 'iuga
661 4385 711 4448 his
729 4397 831 4448 retra·
886 4395 964 4448 nete
981 4381 1108 4449 ehvins.

101 4501 179 4566 ctu,
203 4487 333 4554 tandem
353 4489 518 4554 adnitente
535 4489 639 4552 iratre
656 4487 831 4563 Antiocho,
1144 4509 1175 4573 ey
1249 4459 1269 4500 ⁶
1352 4507 1373 4546 s

99 4591 324 4676 ciliarcham
337 4592 506 4679 ingressus
522 4589 676 4676 gentihus
691 4589 831 4654 Parthos
954 4587 1063 4671 Caput
1083 4587 1173 4670 regis
1192 4584 1427 4650 diadematum.
1461 4569 1632 4640 tmi-

119 4715 1623 4756 manum-⁸·-

130 4799 160 4872 s)
178 4799 259 4860 Bell·
274 4799 338 4883 Syt-

1192 2279 1338 2348 Num&
