4196 5458
483 565 1362 652 uvmtrutucmvutvoanan.
1473 683 1478 702 ἢ
1620 601 1693 674 425

139 737 278 820 quitiam
305 757 378 801 esse
404 737 585 802 simillimot
611 733 764 818 modulo,
791 733 889 824 typo,
947 739 1317 826 bntosaequelerinnt.
1340 745 1513 812 Concludit
1533 749 1583 832 b),
1605 750 1693 819 hunc
1761 824 1766 837 ,

139 859 297 902 versuum
323 861 478 916 numero,
504 831 674 906 literarum
701 840 821 917 forma,
850 843 891 902 si·
947 863 1075 926 quoque
1112 841 1336 926 Barthelemyi
1369 866 1502 912 numum
1538 853 1692 934 Hyrcano

138 955 195 1016 tu,
223 941 412 1020 etardum,
434 942 492 1005 sel
515 955 623 1004 tamen
644 942 678 1002 in
701 942 739 1004 iis
763 941 888 1007 variare
946 961 1018 1005 esse
1040 942 1260 1007 tribuendum.
1298 942 1396 1034 Quod
1415 949 1443 1014 si
1459 951 1496 1010 in
1513 970 1554 1013 eo
1573 973 1692 1018 revera

138 1041 319 1118 voeabula,
339 1055 373 1105 et
389 1043 557 1106 observari
571 1043 757 1125 complures
773 1043 888 1107 literas
944 1044 1128 1106 Ionathanis
1150 1063 1281 1106 nomen,
1294 1044 1434 1129 legitur,
1460 1049 1581 1130 laetum
1603 1055 1690 1118 istud
1728 1087 1730 1094 ·

137 1141 289 1204 diversas
305 1145 415 1222 abiis,
434 1165 511 1228 qaas
527 1145 559 1205 in
579 1144 741 1208 Simeonis
756 1155 888 1208 moneta
945 1143 1112 1207 contendit
1139 1166 1199 1208 seu
1224 1145 1394 1210 caelatoris
1418 1152 1602 1230 oscitantia,
1631 1176 1691 1218 sen

137 1229 301 1306 sitiemus.
333 1265 337 1276 ¹
945 1247 1032 1330 quod
1060 1249 1229 1328 Hyrcanas
1257 1247 1440 1311 Ionathanis
1471 1272 1601 1338 quoqne
1631 1277 1689 1319 no-

191 1345 343 1414 ¹Numam
361 1347 615 1410 iliberritani
635 1366 760 1408 summo
781 1346 888 1428 ponti·
943 1369 1018 1410 men
1040 1349 1172 1422 tulerit,
1196 1360 1232 1409 ut
1254 1367 1327 1410 eum
1349 1351 1492 1432 appellat
1513 1356 1687 1422 Eusebius.

135 1445 210 1522 lici,
231 1460 265 1509 et
282 1462 355 1510 ante
374 1448 562 1510 Simeonem
577 1448 729 1524 fratrem,
748 1449 806 1510 sub
821 1469 885 1531 qao
943 1453 1008 1512 lam
1031 1470 1112 1514 vero
1134 1453 1225 1511 antea
1250 1449 1418 1532 professus
1439 1465 1489 1515 est
1513 1457 1560 1535 ⁰),
1581 1461 1625 1520 'aa
1652 1460 1686 1520 in

133 1533 268 1634 moneta
283 1549 463 1626 Hebraico,
482 1571 577 1631 qnam
590 1551 745 1612 haetenus
762 1547 884 1611 deseri·
941 1550 1013 1612 aliis
1035 1550 1069 1610 id
1091 1571 1194 1632 genus
1215 1551 1372 1624 numulis,
1401 1574 1482 1637 quos
1501 1558 1686 1622 sirePem·

135 1647 280 1729 psimns,
308 1651 430 1733 signata
451 1663 519 1726 est,
548 1650 610 1714 vita
634 1651 745 1714 iuncto
771 1651 885 1714 tribuit
940 1651 1112 1729 brocitius,
1150 1653 1218 1714 sive
1248 1651 1303 1728 alii
1333 1650 1487 1733 edidere,
1523 1658 1687 1722 Iohannis

131 1749 403 1832 Barthelemyus,
430 1767 462 1814 at
482 1753 639 1834 Bayerins
661 1753 764 1828 hune,
790 1764 823 1812 et
843 1751 885 1812 si·
940 1773 1061 1815 nomen
1083 1753 1158 1815 satis
1181 1753 1305 1836 liquido
1327 1753 1453 1837 legere.

133 1849 232 1912 miles
270 1872 383 1914 omnes
409 1853 699 1926 mellentiniam,
742 1873 801 1915 seu
831 1856 885 1922 Jo·
1002 1857 1039 1916 ln
1068 1855 1220 1918 universa
1251 1855 1310 1917 hae
1338 1856 1395 1918 lite
1427 1878 1509 1940 quae
1542 1861 1685 1926 tenenda

132 1949 242 2012 hanni
272 1953 424 2034 Hyrcano
457 1953 619 2016 Simeonis
649 1951 739 2030 lilio.¹
773 1954 883 2017 Lubet
939 1955 1115 2031 sententia,
1138 1976 1220 2039 quse
1239 1956 1461 2038 aspernanda?
1485 1959 1618 2022 Causam
1638 1961 1685 2022 ia·

132 2029 248 2116 sutiire
267 2055 458 2138 praecipuas
478 2055 548 2138 ejus
569 2075 690 2117 causas.
936 2047 1012 2120 teor
1029 2056 1221 2140 ancipitem,
1247 2071 1280 2119 et
1297 2059 1441 2120 tenebris
1458 2061 1601 2145 undique
1621 2063 1684 2126 cin·

197 2153 326 2218 Omnes
353 2157 387 2216 hi
413 2156 556 2234 numuli,
587 2156 693 2240 inquit
715 2156 763 2238 ¹),
796 2155 880 2218 adeo
938 2171 1148 2239 cumseptam.
1186 2160 1242 2219 Me
1271 2159 1403 2240 qnidam
1430 2161 1539 2242 judice
1569 2183 1683 2226 omnes

131 2269 206 2348 suttt
221 2257 310 2321 inter
327 2277 362 2320 se
379 2257 520 2333 similes,
541 2270 576 2319 ut
590 2275 726 2319 necesse
744 2257 803 2335 sit,
821 2277 879 2320 eos
898 2317 902 2324 ,
936 2260 1030 2342 hujus
1055 2259 1239 2340 argumenti
1259 2261 1384 2322 numuli
1406 2281 1505 2322 unum
1528 2265 1683 2328 eundem·

131 2347 502 2443 esseuniusprincipis.
536 2357 634 2452 Quod
652 2359 679 2419 si
694 2359 801 2442 placet
820 2379 877 2422 eos
934 2381 1000 2442 que
1048 2361 1232 2444 principem
1281 2361 1464 2424 habebunt.
1496 2378 1681 2442 auctorem,

129 2463 220 2524 inter
249 2462 361 2545 plures
389 2460 552 2544 principes
582 2457 745 2534 dividere,
773 2460 819 2522 sie
841 2473 877 2521 ut
935 2463 1023 2546 quod
1039 2475 1108 2524 toto
1126 2462 1216 2524 eultu
1231 2461 1406 2546 habituque
1423 2464 1581 2528 simillimi
1594 2483 1681 2544 sunt,

130 2563 251 2626 horum
281 2563 335 2624 alii
363 2582 405 2624 cx
434 2575 543 2623 mente
563 2561 785 2643 Barthclemyi
813 2561 877 2624 sint
935 2576 969 2628 et
998 2563 1096 2626 facile
1129 2563 1295 2628 adsentior
1324 2567 1464 2646 Bayerio
1497 2566 1679 2644 adserenti,

129 2685 211 2730 vere
234 2665 435 2740 Ionathauis,
464 2663 520 2726 alii
547 2683 588 2725 en
614 2677 723 2726 mente
749 2685 805 2726 sua
827 2665 877 2726 lo·
916 2665 1113 2731 ’verisimile
1134 2686 1200 2728 non
1224 2686 1317 2742 esse,
1347 2669 1555 2748 Hyrcanum,
1587 2669 1679 2752 enjus

128 2767 245 2829 hannis
272 2766 433 2848 Hyrcani,
463 2785 599 2827 neeesse
625 2765 689 2829 erit
715 2778 876 2842 statuere,
934 2785 1065 2852 quoqne
1090 2767 1221 2830 nomine
1250 2768 1285 2828 id
1313 2787 1416 2848 genus
1438 2783 1553 2832 numos
1575 2771 1681 2853 signa·

128 2861 317 2952 Hyrcanum
333 2869 366 2928 in
381 2866 539 2929 cudendis
555 2867 661 2928 numia
681 2865 747 2928 suis
765 2885 877 2948 respe·
933 2882 984 2930 tos
1014 2868 1161 2950 agnoseit
1189 2869 1460 2950 Bartbelemyus,
1494 2884 1680 2955 contempta

128 2972 216 3033 sisse
239 2970 409 3052 exemplar
428 2990 619 3044 nemorum,
640 2987 722 3052 quos
744 2979 875 3050 patruus
932 2983 1103 3038 monetae,
1122 2969 1246 3054 patriae
1284 2969 1390 3034 forma
1427 2971 1468 3034 ad
1509 2973 1678 3050 modulum

128 3065 284 3136 Ionathan
302 3069 472 3134 feriandus
491 3070 625 3135 curavit.
654 3071 698 3130 At
714 3089 774 3132 cur
791 3071 878 3152 Hyr·
932 3084 1083 3135 monetae
1102 3070 1210 3152 patrui
1229 3069 1412 3132 leosthenis
1433 3071 1604 3138 redivisse.
1634 3078 1680 3138 At

127 3195 228 3238 canna
263 3153 370 3256 potins
409 3170 530 3236 exilem
550 3169 876 3257 'hanc‘despectam·
928 3173 1004 3258 quis
1032 3170 1219 3235 statuendus
1243 3169 1436 3234 Iudaeorum
1465 3171 1530 3233 dux
1557 3175 1677 3238 horum

127 3297 192 3361 que
212 3275 395 3338 Ionathanis
412 3287 576 3336 monetam
593 3275 774 3337 imitaretur
794 3293 873 3357 prae
931 3288 1045 3338 auctor
1064 3271 1261 3336 nemorum?
1291 3271 1380 3333 lstud
1406 3273 1575 3338 enimvero
1599 3295 1679 3358 pen·

125 3377 249 3440 illustri
270 3379 390 3452 altera,
412 3397 507 3460 quam
529 3375 683 3452 vidimus,
707 3375 806 3458 patris
825 3375 875 3436 Si·
932 3373 988 3438 det
1009 3397 1027 3438 a
1050 3375 1226 3451 vocabulo,
1259 3371 1347 3458 qnod
1368 3376 1401 3436 in
1423 3376 1540 3438 ltornm
1562 3398 1676 3442 numo·

127 3479 277 3544 meonisi
313 3501 381 3542 eur·
395 3478 538 3541 sormam·
553 3465 742 3554 literarum,
778 3497 873 3560 quam
930 3496 1003 3538 rum
1029 3475 1208 3560 epigraphe
1229 3496 1362 3539 versum
1388 3477 1528 3558 primum
1558 3481 1675 3544 consti·
1735 3507 1738 3516 ·

125 3581 159 3641 in
196 3581 298 3662 patris
336 3580 443 3642 numia
479 3579 625 3655 viderat,
668 3577 872 3670 immutaret,
929 3579 1009 3655 tait,
1039 3591 1072 3641 et
1095 3599 1159 3664 quo
1181 3577 1343 3642 contineri
1369 3578 1526 3662 principis
1552 3601 1674 3643 nomen

127 3697 160 3744 et
187 3697 362 3746 revocaret
388 3702 461 3758 eas,
492 3699 575 3764 quae
602 3691 676 3743 sunt
704 3679 738 3740 in
764 3677 871 3740 numia
929 3679 1116 3762 conspirant
1142 3697 1264 3744 omnes.
1306 3679 1431 3744 Verum
1456 3700 1514 3742 cur
1536 3683 1676 3746 vocabu·

128 3783 255 3868 patrui?
286 3785 353 3847 Cor
373 3781 527 3846 lonathan
553 3783 738 3848 sacerdotis
757 3782 872 3862 magni
928 3781 996 3844 lum
1015 3782 1106 3843 istud
1131 3781 1203 3844 iere
1228 3782 1262 3842 in
1287 3781 1422 3864 singulis
1445 3781 1541 3845 aliter
1563 3803 1675 3848 exara·

125 3888 220 3950 titulo
241 3901 404 3964 estuans,
430 3883 559 3970 quando
578 3901 799 3947 eoususnon
820 3893 871 3944 est
928 3881 1085 3946 tur?.1n
1114 3881 1387 3964 Barthelemyano
1417 3884 1492 3946 satis
1526 3885 1675 3948 luculen-

126 3991 259 4054 Simeon
279 4009 466 4065 successor,
492 4001 545 4050 aut
566 4007 626 4050 cur
644 3985 697 4049 hic
716 4005 757 4048 eo
774 3983 870 4047 absti-
923 3997 1068 4052 tumeat
1089 3985 1276 4054 Ionatham
1308 3983 1341 4044 in
1362 3985 1551 4064 Bayerianis
1579 4007 1672 4067 prae·

123 4091 214 4168 nuit,
237 4088 364 4172 qnando
384 4089 443 4152 illo
464 4089 621 4172 gloriatus
642 4087 705 4169 jam
732 4099 782 4150 est
805 4083 870 4150 ira·
925 4099 1055 4158 tensam
1089 4085 1240 4148 Iohannis
1275 4105 1395 4147 nomen
1423 4087 1487 4168 jam
1518 4087 1671 4150 scribitur

123 4190 365 4268 terlonathan‚
388 4193 442 4274 qni
461 4189 661 4276 praecessit?
690 4191 772 4254 Sunt
786 4190 868 4252 haec
925 4187 1199 4261 leochanaalton,
1230 4186 1294 4268 jam
1321 4187 1550 4264 Ielsoeltonon,
1582 4189 1671 4252 idem

123 4295 254 4377 Bayerii
283 4299 473 4376 argumenta
498 4291 686 4374 gravissima
698 4337 710 4370 ,
739 4292 868 4374 reliqua
924 4277 957 4352 in
974 4289 1046 4353 aliis
1063 4287 1169 4350 nnmis
1188 4285 1399 4364 vocabulum,
1426 4290 1488 4352 etsi
1508 4291 1579 4353 aliis
1599 4291 1672 4354 lite·

121 4409 319 4482 praetereo,
357 4393 445 4476 quod
478 4405 532 4456 aut
565 4391 745 4458 infirmiora
774 4405 866 4468 sunt,
924 4390 969 4452 ris
987 4389 1160 4474 seriptum,
1183 4389 1223 4452 ad
1238 4389 1376 4454 eandem
1391 4392 1554 4454 Iohannis
1572 4391 1671 4474 signi·

121 4513 176 4566 sat
200 4515 318 4561 numos
342 4495 383 4560 ab
408 4515 450 4558 eo
474 4495 610 4559 iohanni
632 4496 785 4578 Hyrcano
811 4494 868 4558 tri·
924 4489 1108 4558 ficationem
1134 4491 1236 4576 adigit
1257 4493 1427 4576 Bayerins.
1459 4490 1575 4556 Habeo
1593 4507 1667 4558 ante

156 4809 189 4878 a)
208 4801 522 4880 Num-Hebr.p.t92.
563 4787 631 4876 'b)
651 4799 823 4879 t.c.p.199.
898 4799 1118 4878 c)lc.p·s92.
1259 4885 1292 4954 ⁰

1314 4907 1419 4954 cos
