4160 5454
427 529 509 608 262
988 507 1420 590 GYRRHESTIGA·

433 695 584 774 Augaato
598 685 780 750 diaconaere
790 681 1003 758 temnant,
1020 680 1182 765 deincapa
1454 679 1712 766 Imperatori
1717 687 1749 750 ir.

434 805 498 856 eam
529 791 565 852 in
594 777 799 864 autonomia‚
834 805 931 871 quam
956 783 1177 870 imperatoriis

435 893 590 978 inacripta
610 909 690 956 aera
706 887 907 954 Caesariana.
1243 884 1383 952 eunt
1395 908 1413 950 a
1427 886 1568 971 Traiano
1585 907 1685 972 uaqne
1701 887 1740 952 atl
1751 890 1913 980 Philippeo

499 993 624 1087 Quaeri
648 993 713 1056 hoc
736 989 845 1056 loco
835 1008 909 1072 Jurc
935 1001 1064 1072 pacat,
1095 1007 1177 1072 qnae
1300 985 1433 1052 ΘΕΑΟ.
1450 984 1627 1054 CTPIAC.
1646 983 1938 1064 repostorem
2037 975 2038 1054 i

435 1118 532 1161 annau
555 1093 680 1174 fuerit,
711 1115 770 1156 our
789 1089 1016 1174 Hierapolitae
1041 1104 1105 1154 tarn
1133 1088 1180 1150 ut.
1237 1086 1510 1154 ΠΟΛΕΙΤΩΝ
1525 1093 1616 1152 intra
1631 1086 1851 1180 laureum,qui
1861 1111 1937 1181 typus

435 1201 581 1284 ligentur
602 1211 697 1280 typos
720 1190 990 1256 Antiochensium
1016 1192 1185 1256 imitaren-
1237 1213 1339 1277 usque
1363 1189 1405 1254 ud
1422 1191 1622 1254 Caracallum
1640 1189 1710 1257 iare
1730 1193 1844 1261 uniant.
1875 1199 1938 1264 iuda
2037 1179 2038 1250 A

436 1315 509 1377 tur,
532 1298 620 1384 quod
636 1296 769 1359 dubium
789 1315 830 1358 eo
847 1293 1045 1378 ingravescit
1066 1293 1180 1376 magia,
1237 1293 1277 1356 ab
1300 1293 1364 1357 hoc
1386 1293 1581 1377 plerumque
1611 1298 1672 1358 dea
1704 1295 1798 1378 Syria
1819 1302 1941 1364 inridens
2037 1309 2038 1378 ἦ

438 1400 562 1483 quod
553 1399 578 1460 ri
601 1418 671 1460 uno
692 1397 875 1479 eodemque
898 1408 1049 1480 tempore
1077 1393 1183 1478 dupli·
1237 1397 1348 1471 leoni,
1386 1394 1471 1457 dicta
1499 1394 1538 1458 ab
1567 1395 1727 1478 indigenis
1747 1398 1942 1482 Atargatia,a
2037 1379 2038 1412 ³

438 1501 485 1564 cia
506 1499 639 1584 genet-ii
661 1498 813 1564 ridentur
836 1497 985 1560 habniaae
1006 1509 1185 1572 monetam,
1238 1495 1374 1560 Graecia
1394 1498 1561 1574 Derceto,
1590 1510 1628 1560 ut
1653 1499 1755 1562 refert
1774 1499 1898 1577 Plinius,
1916 1515 1943 1563 ct

438 1623 536 1665 unam
554 1600 718 1688 propriam
740 1621 830 1664 auam
852 1621 926 1663 cum
948 1598 1182 1682 imperatorum
1239 1597 1281 1662 de
1308 1620 1371 1682 qua
1394 1598 1556 1662 Lucianua
1582 1598 1671 1660 libro
1699 1599 1853 1682 ningulari.
1890 1601 1943 1664 Sub

440 1701 553 1788 effigie
571 1704 635 1786 jam
652 1703 729 1766 inde
747 1701 938 1782 aTrajauo,
961 1700 1084 1784 scripto
1099 1699 1184 1762 iutra
1239 1699 1335 1782 hujus
1358 1701 1520 1782 Atargatis
1544 1699 1723 1764 aimulacro
1739 1701 1832 1764 fuirac
1851 1703 1944 1768 leonae

440 1825 596 1872 coronam
629 1799 766 1866 ΘΕΑΟ.
794 1797 989 1878 οΤΡΙΑΟ.,
1026 1820 1064 1864 ac
1102 1801 1184 1864 mul·-
1240 1801 1338 1864 docet
1359 1801 1565 1878 Macrobius,
1587 1821 1725 1885 eamque
1743 1800 1835 1866 suiaac
1853 1801 1944 1868 cimilia

440 1923 475 1972 to
501 1905 632 1972 direraa
654 1904 804 1982 fabrica,
838 1903 974 1965 alteram
1002 1899 1046 1964 ati
1075 1922 1185 1966 cxcm·
1240 1917 1373 1968 naturae
1396 1923 1470 1968 cum
1491 1924 1607 1988 magna
1629 1916 1732 1966 matre
1751 1904 1898 1988 Phrygum
1915 1910 1945 1982 ι).

440 2011 514 2096 piar
540 2007 783 2070 Antiochorum
810 2003 1071 2081 conformatam,
1094 2025 1185 2067 nem·
1241 2007 1326 2070 Sane
1349 2019 1384 2068 et
1406 2006 1566 2089 Apulejua
1592 2004 1675 2068 deae
1702 2004 1807 2087 Syriae
1832 2005 1946 2070 eunden

441 2133 485 2198 pc
513 2123 730 2184 autonomon,
762 2105 804 2168 de
837 2105 953 2190 quibua
995 2106 1091 2169 nohis
1130 2103 1183 2168 hic
1241 2108 1455 2186 comitatum,
1492 2107 1609 2170 eadem
1653 2105 1798 2170 attributa
1833 2106 1947 2182 addidit,

444 2231 572 2288 aermo,
595 2207 672 2294 qui,
688 2221 725 2272 ut
748 2205 896 2290 inscripti
918 2225 1012 2271 aerae
1036 2208 1110 2271 anni
1129 2205 1189 2270 do·-
1242 2232 1324 2295 quae
1343 2210 1524 2293 scriptores
1539 2209 1613 2286 alii,
1638 2223 1672 2272 et
1689 2222 1881 2272 monumenta
1893 2213 1947 2273 Ma·

444 2328 541 2390 cent,
563 2307 680 2396 signati
695 2319 770 2370 aunt
785 2307 845 2370 rub
864 2309 1052 2386 Hadriano,
1070 2322 1105 2372 et
1120 2309 1188 2369 An-
1241 2313 1284 2375 tri
1306 2332 1441 2394 magnae
1467 2311 1624 2374 addidere
1641 2309 1674 2392 ¹‘)
1695 2323 1728 2372 et
1749 2330 1819 2372 mox
1841 2309 1911 2374 infre
1924 2313 1947 2391 ο)

445 2416 579 2492 tonino,
606 2413 641 2474 in
668 2408 763 2492 qham
785 2430 915 2495 quoque
941 2423 1080 2474 aetatem
1100 2431 1188 2473 com·
1244 2436 1316 2478 cnm
1344 2415 1458 2476 Matris
1485 2412 1623 2477 deorum
1654 2430 1799 2476 aurorem
1824 2411 1950 2496 appellat.

444 2519 557 2602 glarca
576 2514 646 2599 ejua
664 2511 796 2595 generis
812 2513 978 2588 autonomi
989 2513 1189 2576 Antiochen·
1245 2516 1317 2580 Sed
1343 2515 1478 2599 propina
1512 2514 1553 2578 ad
1587 2515 1650 2578 hoa
1680 2535 1792 2577 numos
1817 2513 1949 2576 Luciacus

445 2639 499 2682 aea
527 2615 683 2679 incidunt.
727 2611 884 2680 Videmus
911 2613 1012 2691 item,
1043 2615 1189 2676 Samosa-
1244 2618 1342 2680 leone
1380 2600 1507 2682 rectam
1545 2615 1637 2684 dixit.
1689 2619 1755 2680 Iam
1779 2617 1860 2679 Nero
1886 2615 1950 2678 deae

447 2735 558 2782 tenaea
580 2735 730 2802 quoque,
759 2727 792 2776 et
811 2712 1020 2778 Beroeensea
1042 2736 1189 2777 nonnun·
1244 2719 1358 2802 Syriae
1390 2719 1492 2780 cultui
1515 2719 1659 2782 animum
1686 2717 1820 2784 advertit
1843 2716 1951 2779 aliarum

448 2840 543 2904 quam
570 2840 589 2881 a
612 2816 761 2879 atabilitia
784 2813 870 2898 apud
894 2834 930 2876 ae
956 2817 1062 2900 typis,
1091 2815 1190 2880 fabri·
1243 2820 1447 2902 religionum
1458 2839 1692 2905 usquequaque
1707 2831 1909 2902 contemptor,
1926 2830 1953 2879 ut

447 2943 503 2998 ca,
525 2922 597 3004 ipso
617 2919 888 2984 adconnmorum
909 2915 1076 2981 volumine
1099 2916 1189 3001 pani·
1245 2921 1289 2986 uir
1305 2919 1538 3005 suammet)

447 3037 500 3088 toa
521 3021 734 3098 diaceaaiaae,
753 3032 787 3083 et
804 3018 1074 3082 Antiochensium
1093 3020 1189 3081 cadu-
1608 3023 1628 3061 *

448 3145 572 3200 ceum,
602 3137 656 3186 aut
680 3121 764 3186 lauri
785 3142 910 3186 ramum
936 3134 1086 3184 monetae
1112 3139 1188 3182 auae
1309 3123 1429 3193 ert-101.
1446 3119 1620 3204 CTPIAC.
1637 3117 1953 3192 ῙΕΡΟΠΟΛΙΤΩΝ

447 3227 620 3304 intulisse,
638 3238 673 3289 et
690 3223 778 3308 quod
795 3221 1057 3300 observandum,
1075 3239 1188 3284 omnea
1249 3228 1437 3304 Sacellum,
1453 3229 1546 3290 intra
1565 3231 1655 3308 quod
1678 3233 1811 3311 signum
1827 3225 1956 3297 militare

449 3329 487 3390 hi
510 3327 623 3411 Syriae
648 3325 782 3389 urbium
809 3326 882 3408 typi
904 3337 1054 3388 monetae
1079 3323 1193 3389 Antio·
1246 3329 1496 3412 lu'racluppiter,
1512 3331 1589 3392 inde
1602 3329 1814 3406 Iun0,.umbo
1828 3345 1892 3389 cunr
1906 3342 1957 3384 mo·

450 3431 575 3494 chanao
610 3441 703 3512 typoa
738 3425 940 3490 adfectantes
974 3425 1120 3488 incidunt
1157 3427 1192 3487 in
1249 3435 1304 3496 dio
1321 3436 1357 3494 a‘n
1372 3430 1849 3512 cupiam.hortamentum,
1863 3426 1959 3512 iliata·

451 3531 627 3616 imperium
649 3529 808 3592 Hadriani
833 3541 867 3592 et
890 3527 1056 3597 Antonini.
1098 3527 1191 3621 Quae
1249 3535 1328 3596 dam
1342 3529 1957 3606 intera.tauros,haecintarudeorcs,

452 3635 553 3698 inerit
590 3633 661 3714 ejua
690 3645 845 3716 typorum
874 3629 1069 3694 concordiae
1099 3631 1194 3708 ratio,
1248 3637 1377 3719 infima
1398 3634 1450 3696 leo
1470 3633 1649 3714 gradiens,
1671 3635 1707 3696 in
1729 3652 1825 3700 nuno
1846 3629 1961 3691 Alexan·

452 3751 562 3800 utrum
590 3756 685 3799 cauea
711 3731 921 3810 commereri,
956 3729 1045 3816 quod
1072 3731 1195 3796 eruditi
1250 3733 1302 3798 riri
1325 3735 1401 3801 Sar.
1433 3733 1545 3802 ant
1577 3737 1770 3818 (Nenmruu
1793 3735 1960 3812 amnon.

453 3839 487 3899 in
503 3838 610 3901 numia
626 3836 905 3900 Antiochennmm
922 3831 1009 3920 apud
1020 3835 1207 3914 Ptolemai·
1248 3837 1289 3905 P.
1305 3839 1345 3903 11.
1368 3839 1487 3921 Mla)

453 3939 531 4003 dem
558 3953 647 4016 ctu,
671 3937 894 4021 cornicantur,
929 3947 983 3998 aut
1007 3933 1074 4000 alia
1097 3957 1194 4021 quac·
1312 3939 1678 4005 Namusameillnatria.
1686 3932 1964 4002 Adstitutamutrin·

453 4059 601 4126 cunque,
623 3985 680 4104 aiio
694 4039 821 4116 adhuc,
850 4057 888 4102 ac
908 4037 1031 4100 forte
1020 4059 1055 4098 m
1077 4059 1196 4123 perpa-
1249 4033 1963 4132 quenomenpraeolareexplicatLucianna).

453 4145 545 4206 tuum
572 4141 812 4225 ignorabimus,
841 4152 877 4202 nt
897 4138 1004 4204 adhuc
1028 4139 1115 4204 forte
1142 4162 1195 4208 ve·
1253 4145 1370 4207 Narrat
1371 4129 1966 4228 ,iuadytocelcbriacjuatempliquod

455 4265 524 4308 ram
542 4263 668 4308 canaam
692 4243 901 4326 ignoramur
924 4261 983 4304 cur
1006 4241 1124 4306 Cretae
1143 4263 1196 4305 ur·
1253 4260 1303 4309 cat
1330 4245 1534 4329 Hierapoli,
1562 4250 1678 4327 positu
1708 4265 1778 4312 esse
1811 4240 1967 4306 simulacra

456 4347 515 4410 lica
541 4344 760 4408 Athanicuaea
797 4354 917 4423 typoa,
948 4341 1127 4422 fabricam,
1158 4363 1195 4406 ac
1253 4351 1404 4422 deorum,
1418 4345 1877 4417 Iunonisvidelieetetlovis,
1891 4354 1966 4418 quera

456 4462 558 4513 toturn
579 4459 730 4508 monetae
750 4443 883 4507 morium
900 4443 1103 4514 adfectariut.
1252 4449 1322 4510 alio
1342 4451 1473 4512 nominc
1492 4451 1683 4531 appellunt,-
1706 4449 1817 4511 umbos
1839 4462 1902 4506 csse
1921 4457 1967 4497 aa·

519 4549 599 4612 ΑΕ.
623 4540 732 4612 thlt.
1251 4570 1345 4626 reor,
1380 4565 1414 4614 at
1443 4553 1556 4614 umbos
1582 4553 1719 4628 sedere,
1748 4548 1807 4614 sed
1831 4545 1967 4608 tamnen

454 4675 1962 4711 w

494 4769 1109 4852 annuntians.-h)naaam.a.vt11.
1148 4769 1284 4843 eruar.
1323 4769 1658 4850 d)iuNerouecap·56·
1697 4769 1729 4840 ι’)
1745 4769 1789 4822 1³⁸
1805 4753 1948 4832 delsiffl·
