4196 5458
735 501 1049 582 PHOENICB.
1588 533 1658 608 ΛΜ

116 685 291 757 oeptorea,
322 675 396 736 cum
421 671 492 756 ejus
519 671 690 736 literarum
715 673 862 742 valorem
916 678 1059 765 putent,
1075 681 1203 748 d'aooir
1216 679 1316 749 oorid
1331 679 1404 771 trop
1420 689 1667 771 frequentarent

117 773 262 858 denique
287 774 508 858 reperissent,
527 773 601 838 .bae
627 797 689 838 ann
710 796 773 861 ope
794 781 864 844 ausi
921 785 1007 846 dans
1026 785 1061 846 la
1085 787 1202 848 oaleur
1221 787 1303 869 quil
1331 793 1477 856 attribue
1509 789 1530 852 ὰ
1558 793 1666 856 divers

116 891 193 942 sunt
218 877 318 942 etiam
344 875 466 941 tabulas
494 877 702 961 Eugubinas,
735 881 863 966 aliaque
921 901 1108 952 caracteres
1133 890 1332 954 Plteniciens
1356 907 1391 956 et
1416 897 1599 974 Puniques,
1633 906 1669 962 et.

116 983 336 1068 Etruscorum
348 993 556 1044 monumenta
571 981 790 1064 interpretari,
805 983 864 1046 aad
920 992 1004 1052 dans
1028 991 1063 1054 la
1084 987 1311 1076 st'gnifiratian
1336 995 1395 1058 des
1423 1009 1509 1058 mats
1540 998 1598 1077 qui
1625 1015 1668 1058 en

116 1102 259 1168 morum
277 1080 481 1156 indefessos,
504 1089 725 1167 unguemque,
737 1098 863 1169 partem
919 1105 997 1157 sant
1017 1091 1182 1174 composi.
1198 1093 1270 1178 try
1287 1116 1328 1158 en
1346 1115 1367 1157 a
1379 1099 1482 1159 minse
1500 1087 1559 1176 oui
1575 1104 1670 1164 trau,

115 1184 232 1248 irritos
252 1197 386 1251 conatus
406 1183 511 1266 ipsunt
534 1183 623 1266 ajunt
644 1207 805 1250 summum
829 1188 868 1250 in
923 1207 998 1256 vent
1021 1193 1176 1276 dtrange,
1213 1192 1360 1278 qa'apris
1378 1201 1478 1260 avoir
1500 1200 1552 1260 dit
1583 1199 1668 1260 dans

117 1287 224 1356 coelis
241 1289 351 1352 lavem
370 1279 570 1350 miseratum.
922 1315 962 1359 sn
974 1299 1188 1359 dissertation
1199 1297 1254 1360 lue
1265 1295 1286 1358 t
1298 1299 1507 1362 l'Acadernie
1519 1295 1576 1362 dis
1586 1297 1670 1360 l'an·

182 1387 247 1454 Hir
264 1401 373 1453 tamen
386 1387 450 1451 viri
473 1386 597 1449 eruditi
621 1387 865 1460 difficultatibus
923 1395 981 1460 nde
1010 1398 1108 1480 1758,
1140 1417 1202 1476 oue
1224 1399 1273 1460 les
1292 1401 1565 1482 interpretatious
1586 1400 1670 1480 ortt

118 1489 314 1578 superiores¹
329 1489 447 1550 borum
470 1509 571 1572 agere
593 1489 792 1577 interpretes
813 1514 866 1556 ae·
918 1495 1103 1581 priseutoit
1121 1501 1226 1577 aicrm
1247 1498 1371 1563 dtotent
1389 1502 1420 1562 ie
1435 1502 1573 1582 produit
1589 1501 1673 1562 dun

116 1592 299 1674 nigrontum
320 1611 386 1678 ¹3⁰⁰
407 1605 617 1666 recusarunt,
645 1593 706 1656 sed
732 1595 798 1671 aiu,
830 1609 866 1664 ut
924 1602 1050 1664 travail
1065 1600 1201 1664 abstinc‘
1212 1603 1268 1664 des
1288 1603 1457 1683 plusieurs
1475 1601 1613 1679 onndes,
1640 1601 1671 1666 il

118 1692 270 1774 proliteri
299 1705 413 1775 aperte
442 1713 509 1757 non
538 1693 703 1774 dubitem,
736 1696 817 1757 nihil
847 1717 866 1760 a
924 1705 975 1764 ait
1000 1700 1163 1764 continui
1182 1699 1313 1783 jusqu'd
1342 1701 1550 1783 aujourd’ltui
1579 1699 1600 1764 ὰ
1628 1724 1669 1765 ne

118 1815 178 1864 rue
214 1813 354 1877 uuquam
379 1793 518 1876 ,majore
553 1794 684 1858 insufflo
719 1793 867 1874 lectum,
920 1823 1041 1886 guerus
1060 1805 1185 1866 donner
1205 1814 1302 1866 autre
1322 1803 1420 1868 ultase
1441 1826 1502 1885 quc
1520 1807 1578 1868 des
1593 1825 1671 1888 pro·

119 1917 217 1980 quam
248 1915 330 1980 quos
358 1893 401 1958 de
429 1895 492 1958 boc
514 1910 709 1979 argumento
729 1899 866 1983 scripse·
924 1906 1045 1968 blemes
1059 1905 1294 1989 accompagnds
1309 1907 1672 1984 dedoutes,d'incerti·

118 2011 220 2070 ruut,
250 1995 398 2080 prolixos
420 1999 688 2074 commentarios,
719 2021 761 2063 ex
790 2021 868 2086 quo·
925 2009 1038 2084 tudes,
1057 2009 1145 2069 etde
1161 1999 1402 2089 suppositidns,
1419 2029 1460 2070 en
1481 2011 1595 2070 disant
1612 2027 1671 2070 sur

121 2121 198 2164 rum
217 2098 362 2164 lectione
378 2098 466 2162 istud
483 2099 623 2184 deniqne
647 2100 792 2182 obtinui,
816 2117 868 2182 ut,
920 2107 1248 2188 elementariae,
1266 2113 1349 2172 sice
1366 2121 1535 2200 caractere
1552 2129 1573 2172 a
1592 2109 1671 2170 telle

120 2202 151 2264 si
172 2201 327 2284 exiguum
347 2201 419 2265 veri
439 2203 630 2266 nutrimenti
659 2216 786 2286 partem
812 2203 869 2268 de·
926 2232 969 2273 ou
984 2210 1062 2272 telle
1080 2211 1219 2286 oaleur,
1231 2213 1263 2274 si
1275 2207 1422 2274 celui-ld
1439 2230 1480 2272 en
1499 2231 1519 2271 a
1533 2231 1598 2273 une
1613 2229 1672 2272 au·
1726 2257 1732 2269 .

122 2325 216 2377 runs,
238 2317 386 2367 ceterum
409 2301 546 2366 infirmis
572 2317 680 2388 pastus
704 2305 871 2389 conjectu·
926 2323 993 2387 tre,
1019 2311 1055 2372 la
1075 2311 1211 2393 legende
1227 2329 1354 2395 pourra
1376 2313 1445 2374 ltre
1461 2313 1516 2376 lue
1534 2314 1574 2374 de
1593 2309 1671 2374 telle
1705 2381 1707 2388 Ι

122 2407 187 2481 ria‘,
224 2403 266 2468 ad
289 2416 472 2468 extremum
498 2406 694 2469 renitentem
717 2407 793 2472 huic
817 2430 871 2491 pa·
926 2427 961 2477 et
985 2413 1063 2476 telle
1084 2414 1247 2490 mortiers,
1273 2427 1308 2478 et
1336 2414 1374 2476 la
1399 2412 1555 2477 mddaille
1579 2433 1677 2488 scra,

123 2508 204 2573 bula
229 2507 446 2574 ventriculum
462 2509 651 2592 experirer.
682 2511 742 2572 Eat
761 2523 874 2574 tamen
926 2517 994 2578 soit
1010 2516 1050 2575 de
1068 2513 1147 2575 telle
1163 2534 1206 2576 ou
1223 2515 1302 2578 telle
1318 2511 1415 2590 utili,
1429 2518 1498 2578 soit
1514 2516 1553 2576 de
1568 2513 1616 2574 tel
1628 2533 1672 2574 ou

122 2614 155 2676 in
195 2609 336 2677 molesta
370 2608 431 2672 hac
467 2630 561 2673 causa
588 2611 710 2696 volupe
738 2611 871 2690 videre,
929 2617 978 2680 tel
995 2618 1057 2677 roi.
1092 2615 1191 2680 Dans
1211 2636 1257 2678 un
1278 2618 1410 2680 endroit
1431 2635 1473 2678 on
1490 2626 1572 2697 peut
1593 2615 1672 2688 lice,

123 2709 253 2794 quantis
272 2729 389 2793 grates
406 2711 441 2771 hi
458 2712 520 2774 tiri
538 2713 625 2775 curia
642 2725 675 2776 et
692 2712 870 2793 laboribus,
929 2717 1021 2780 selon
1038 2719 1089 2780 lui
1096 2761 1113 2796 ,.
1124 2719 1164 2780 de
1178 2720 1268 2782 deun
1284 2739 1327 2781 ou
1344 2721 1428 2782 treis
1444 2719 1606 2781 manieres
1622 2713 1673 2774 les

123 2833 224 2895 saepe
238 2813 337 2874 etia·
353 2811 431 2888 iria,
453 2827 487 2876 et
504 2813 798 2894 criminationibus,
819 2815 872 2880 re·
928 2819 1082 2902 legendas
1103 2821 1142 2882 tle
1161 2819 1317 2899 quelques
1337 2817 1532 2893 medatttes,
1547 2827 1581 2878 et
1599 2834 1680 2877 con·

124 2913 429 2997 tractandoaaepe,
452 2937 534 3000 quae
559 2917 637 2978 olim
662 2919 769 2982 minus
792 2918 871 2982 dex·
926 2932 1146 3000 sequemment
1162 2920 1211 2983 les
1225 2915 1523 2983 attribuerddeua
1535 2939 1578 2980 ou
1592 2917 1678 2978 trois
1753 2975 1757 2980 .

125 3029 187 3082 tre'
195 3017 283 3084 dictu
301 3021 513 3098 videbuntur,
540 3039 638 3103 saepe
659 3042 778 3106 magno
798 3040 878 3086 eru·
926 3019 1023 3085 oilles
1036 3024 1236 3108 differentes.
1254 3023 1351 3084 Dans
1363 3043 1411 3086 un
1422 3031 1519 3082 autre
1531 3019 1681 3091 endroit,

127 3119 260 3184 ditionis
279 3138 433 3208 apparatu
447 3127 546 3214 gratia
562 3127 770 3202 anhelantes,
796 3143 880 3187 eou-
928 3124 960 3188 le
978 3125 1195 3208 cbangement
1211 3125 1252 3186 de
1267 3123 1381 3186 valeur
1395 3123 1479 3184 dans
1494 3120 1543 3184 les
1558 3119 1677 3182 lettres

127 3225 271 3308 jacturae
287 3247 360 3290 suas
380 3241 606 3312 propugnant,
629 3227 745 3312 quibua
764 3226 874 3310 perle·
930 3229 1146 3312 quisorntent
1162 3247 1226 3290 une
1237 3225 1390 3306 legende,
1407 3243 1447 3284 ne
1461 3221 1588 3302 clange
1603 3219 1675 3281 rien

128 3329 188 3392 ctis
203 3327 401 3392 occurrebat
417 3329 597 3394 identidem
611 3329 695 3394 illud
710 3329 812 3400 Tullii
827 3331 875 3409 *Jt
931 3329 953 3393 ’ὰ
970 3328 1198 3412 leuplicatian
1213 3327 1297 3408 pu’il
1312 3345 1353 3388 en
1368 3329 1460 3388 auoit
1476 3317 1682 3394 dentulus·-

126 3432 209 3510 ouid
233 3442 308 3494 tarn
328 3432 504 3514 indignum
523 3435 685 3516 sapientis
703 3436 875 3516 grauitate
931 3433 985 3496 De
1007 3443 1117 3494 toutes
1137 3451 1192 3493 ces
1213 3423 1413 3509 ambiguitds
1433 3437 1466 3488 et
1488 3425 1675 3489 uariations

129 3545 229 3612 atoue
247 3538 462 3610 comtenrta,
484 3555 581 3615 quarn
598 3537 687 3616 quod
701 3556 767 3598 non
787 3535 875 3598 satio
931 3535 961 3596 il
975 3533 1122 3611 resulte,
1139 3531 1375 3611 ainaim-on,
1396 3528 1489 3606 qu'en
1506 3529 1555 3590 les
1570 3528 1676 3588 lirant

126 3633 305 3716 reparate
323 3647 512 3717 perceptum
536 3641 603 3715 sit,
630 3651 663 3700 et
686 3641 874 3721 cognitum,
932 3649 974 3699 on
996 3647 1111 3698 trouve
1132 3653 1195 3713 oue
1214 3633 1292 3695 e'est
1312 3640 1451 3692 souoent
1467 3631 1489 3692 l'
1500 3627 1680 3693 obscurum

129 3737 202 3798 sine
232 3737 307 3798 ulla
332 3737 541 3800 dubitatione
569 3741 765 3822 defendere?
801 3739 876 3799 Non
932 3741 1036 3802 rendu
1053 3756 1119 3820 par
1138 3735 1159 3796 l'
1169 3729 1356 3818 obscurius,
1374 3743 1408 3798 et
1424 3729 1571 3815 qu'aprls
1589 3740 1683 3792 cette'

129 3837 343 3920 postulo‚.nt
360 3837 393 3898 in
413 3838 470 3915 iia,
495 3860 578 3924 quae
595 3841 682 3918 dixi,
708 3861 783 3905 meo
806 3843 877 3928 quis
932 3841 1057 3903 kcture
1070 3859 1113 3900 on
1130 3838 1325 3918 n'estguere
1335 3838 1414 3920 plus
1427 3837 1567 3898 instruit
1580 3834 1677 3911 pu'an

129 3939 193 4001 sibi
209 3938 360 4004 standum
375 3939 496 4024 judicio
514 3945 689 4008 existimet.
711 3943 819 4006 Lubet
836 3963 878 4005 ex
934 3963 975 4004 ne
994 3939 1102 4002 l’dteit
1117 3951 1334 4020 auparnoant.
1364 3939 1471 4024 Atque
1490 3936 1571 4000 haec
1591 3934 1682 3997 dicta-

130 4043 281 4126 ipaoram
302 4059 361 4105 ore
384 4061 499 4106 causae
517 4043 612 4128 hujus
630 4047 821 4130 perlatores,
845 4039 879 4108 et
934 4042 1029 4106 luere
1045 4041 1079 4104 in
1095 4039 1380 4124 Barthelemynm,
1407 4041 1498 4118 cujua
1514 4052 1623 4130 tamen
1642 4037 1676 4096 in

131 4165 230 4230 qnam
251 4143 357 4208 aalide
372 4143 437 4208 sint
455 4163 662 4231 argumenta,
689 4149 806 4234 quibua
823 4167 878 4210 suu
935 4145 996 4210 hac
1014 4155 1106 4230 parte
1124 4143 1253 4228 potiora
1267 4165 1341 4207 esee
1358 4142 1491 4217 merita,
1510 4139 1606 4235 facile
1625 4155 1679 4220 pa·

133 4247 348 4323 confirmant,
373 4266 591 4331 cognoscere.
623 4252 675 4312 lin
697 4272 780 4338 quae
802 4253 882 4315 Bar·
938 4247 1020 4312 tebit
1048 4246 1118 4329 ejus
1148 4247 1399 4310 commentarios
1427 4241 1564 4327 legenti.
1604 4243 1684 4324 lpse

130 4349 306 4433 thelemyo
327 4349 367 4412 nh
388 4347 524 4414 eruditis
549 4353 620 4414 aliia
644 4353 772 4436 objecta
795 4359 883 4419 dorn-
938 4351 1036 4417 etiam
1057 4351 1238 4413 Dntensius
1263 4347 1375 4413 ridens
1403 4347 1533 4412 iaailem
1564 4361 1678 4406 eorum

131 4452 513 4520 memoratPelleriniua
528 4452 579 4536 bt:
608 4472 666 4518 cur
686 4457 731 4520 ils
751 4457 804 4518 lui
824 4460 884 4523 int·
938 4453 1152 4538 religionem,
1174 4453 1230 4538 qui
1248 4451 1353 4518 literis
1372 4447 1559 4512 Phoeniciis
1582 4463 1684 4532 quem

125 4641 1678 4674 w-

170 4779 206 4848 ι)
223 4778 342 4838 DeNat.
360 4781 443 4838 deor.
460 4781 527 4838 L.1.
547 4801 572 4838 c.
587 4733 617 4840 t-
685 4779 720 4851 b)
739 4775 907 4854 sappini..
925 4787 1017 4852 Mb

196 4890 287 4966 (Vol.
306 4890 393 4972 ΙΙΙ.)Ι
