4286 5478
420 636 424 647 -
509 585 674 696 ffttvttt
707 581 1048 675 Pntttct't’vm
1082 585 1362 676 wetere.
1639 623 1712 695 sas

163 767 261 848 ione,
280 787 341 831 ecs
358 752 509 854 incisuros
528 765 741 852 damnares
761 764 794 832 sir
814 787 913 846 πειρω-
957 768 1057 852 ‘regis
1094 789 1215 833 nomen
1241 771 1324 834 tulit.
1376 771 1448 835 Non
1479 793 1585 858 ergo,
1620 777 1710 861 qnod

165 893 285 956 somus,
311 873 443 934 scilicet
466 871 727 934 mulrn'nomiao
749 891 770 932 c
793 889 911 952 cogno-
968 873 1095 935 censuit
1111 872 1297 934 Harduinus
1313 869 1364 954 d),
1387 872 1554 958 pertinere
1575 891 1711 961 possunt

164 973 547 1038 minibusoroaltnatnr.
625 1031 650 1068 .·
968 973 1008 1036 ad
1037 975 1206 1036 Herodem
1237 973 1387 1060 Antipam
1417 977 1583 1041 Galilaeae
1615 979 1729 1062 prin-¹

230 1073 342 1158 Typus
356 1071 444 1134 botri
468 1073 530 1154 jam
552 1093 594 1135 ex
610 1073 909 1136 Hassmonaeornm
966 1075 1097 1158 cipem,
1130 1095 1228 1158 quem
1253 1077 1384 1160 regioni
1410 1078 1487 1144 huie
1516 1099 1582 1141 non
1610 1082 1710 1165 regis,

164 1175 273 1240 numia
292 1176 453 1260 cognitus.
493 1175 545 1237 De
570 1174 664 1258 galea
687 1175 775 1259 quod
793 1174 909 1251 dicam,
967 1177 1026 1238 sed
1054 1176 1236 1238 tetrarchae
1264 1177 1395 1241 nomine
1422 1179 1603 1262 praefuisse
1624 1183 1710 1248 inira

163 1299 233 1342 non
250 1277 377 1354 habco,
399 1277 461 1338 nisi
480 1273 568 1360 quod
585 1275 768 1340 simillimae
782 1277 909 1339 formae
968 1277 1125 1342 dicemus.
1175 1277 1355 1362 Perperam
1393 1301 1473 1344 cero
1513 1284 1710 1349 tetrarcham

165 1380 293 1466 galeam
319 1377 581 1462 ¹dependentibus
614 1379 721 1442 cristis
751 1379 910 1442 habemns
967 1379 1054 1442 hnnc
1078 1379 1175 1441 etiam
1200 1399 1316 1464 regem
1339 1381 1537 1464 appellatum
1568 1385 1712 1468 probare

163 1484 199 1544 in
223 1481 330 1545 numia
346 1480 491 1564 Philippi
509 1479 548 1548 V.
571 1480 782 1546 Macedoniae
806 1482 907 1565 regis.
966 1481 1106 1544 intendit
1132 1501 1174 1544 ex
1194 1483 1285 1546 Actis
1310 1495 1411 1567 apost.
1435 1505 1506 1568 cap.
1523 1485 1594 1550 ΧΠ.
1626 1507 1655 1552 v.
1678 1511 1707 1556 s,

144 1587 258 1648 ¹lustu
278 1583 361 1646 hanc
381 1585 507 1667 galeam
531 1581 563 1643 in
582 1582 631 1646 his
649 1583 755 1645 nemis
776 1596 910 1666 apparet
967 1587 1060 1646 misit
1076 1604 1137 1645 rer
1154 1583 1301 1648 Herodes
1323 1607 1441 1648 merrus
1465 1601 1527 1650 etc.
1548 1607 1623 1649 nam
1644 1587 1708 1654 hoc

164 1687 324 1750 minutum
352 1683 520 1768 sigillum,
552 1683 653 1768 quod¹
675 1683 708 1746 in
741 1683 909 1769 plerisque
964 1687 1041 1750 loco
1090 1685 1235 1748 Herodis
1275 1687 1406 1750 nomine
1453 1686 1709 1771 intelligendum

162 1785 333 1854 iconismis
363 1785 465 1848 instar
488 1787 508 1849 8
532 1783 585 1850 rel
609 1787 765 1851 contracti
789 1785 909 1850 Graeci
964 1789 1142 1873 Agrippam
1159 1789 1202 1862 l.,
1224 1789 1335 1872 paullo
1354 1789 1450 1851 altius
1468 1787 1619 1855 diximus.
1643 1773 1709 1854 No·

163 1913 198 1952 oo
223 1889 368 1954 ellietum
393 1887 551 1952 ridemus.
591 1889 635 1949 At
658 1887 908 1972 Barthelernyus
963 1891 1014 1964 vi,
1035 1889 1177 1952 eundern
1195 1888 1392 1952 tetrarcham
1406 1911 1521 1974 regem
1541 1890 1606 1955 dici
1622 1893 1709 1976 apud

162 1995 199 2054 iu
221 1993 287 2056 suis
313 1988 520 2057 manifestum
544 1991 723 2056 caduceum
750 1993 909 2077 agnoscit,
959 1991 1344 2073 ·Matthaeumcnp.le.
1360 1993 1710 2078 etMsrcumcap.V1.,

164 2092 222 2178 qni
240 2107 272 2158 et
288 2095 322 2156 in
341 2089 448 2157 altcr'o
469 2093 680 2160 Chamillurdi
704 2095 793 2160 solus
818 2091 909 2160 numi
965 2105 998 2157 at
1013 2103 1157 2170 constat,
1187 2091 1391 2157 arcteribus
1408 2113 1639 2180 nonnunquam
1658 2113 1711 2158 re·

164 2215 312 2262 eversam
330 2207 478 2280 occupat.
966 2217 1025 2284 ges
1055 2195 1139 2274 dici,
1169 2195 1225 2280 qni
1246 2207 1339 2258 erant
1360 2196 1450 2279 regis
1477 2193 1556 2274 lilii,
1589 2211 1623 2258 et
1643 2199 1710 2262 He·

421 2343 442 2380 „
524 2293 544 2336 ⁴
630 2345 648 2385 „
964 2297 1055 2363 rodis
1080 2297 1124 2360 hi.
1142 2295 1286 2380 ‘quidam
1316 2293 1377 2358 lilii
1406 2295 1590 2362 tetrarchae
1618 2311 1709 2362 tanto

233 2399 353 2466 Galen.
371 2391 677 2465 ΞΒΑΣΙΛΕΩΣ.
698 2395 907 2484 ΗΡΩΔΟΤ.
964 2401 1087 2487 megia,
1115 2399 1178 2464 etsi
1201 2399 1307 2462 minna
1330 2399 1483 2483 proprie,
1513 2417 1611 2484 reges
1639 2395 1705 2464 dici

164 2504 203 2567 L.
219 2495 261 2566 Γ.
292 2506 368 2566 Arc
387 2504 581 2574 luculenta,
611 2507 648 2566 in
670 2519 750 2565 aren
774 2497 822 2580 T,
852 2508 909 2569 σω·
964 2515 1139 2590 poterant,
1176 2499 1264 2586 quod
1305 2499 1449 2586 portioni
1493 2520 1571 2564 suae
1616 2501 1710 2587 regia
1743 2555 1749 2568 .

164 2607 316 2670 imminet
333 2625 473 2684 porcum
492 2625 523 2669 o.
545 2603 616 2666 AR
707 2592 714 2606 '
964 2617 1126 2692 potestate
1153 2616 1344 2685 praeerant,
1373 2601 1460 2665 unde
1490 2601 1576 2686 apud
1604 2603 1711 2688 Hesy-

227 2709 353 2772 Numns
376 2707 491 2770 similis
509 2729 527 2771 a
545 2707 642 2772 curiis
666 2704 792 2784 editus,
815 2716 849 2769 et
867 2703 907 2768 sb
964 2707 1100 2773 obiums
1123 2701 1304 2790 Τετραρχια
1324 2701 1353 2768 ir
1375 2707 1533 2782 βασιλοις,
1555 2725 1620 2790 quo
1636 2725 1710 2769 sen·

164 2809 216 2873 his
239 2809 329 2875 sarie
358 2822 491 2894 accepta
517 2809 614 2874 litera
638 2809 667 2869 Τ
690 2807 791 2892 partis
816 2827 909 2872 arer-
940 2787 1003 2874 ‘su
1033 2822 1068 2872 et
1104 2807 1264 2889 Iosephus
1301 2805 1460 2887 Lysaniae
1499 2805 1710 2872 tetrarchiam

165 2931 232 2976 sse.
274 2909 462 2975 Hardninus
497 2931 570 2974 eam
608 2907 691 2972 dixit
724 2907 907 2994 principem
965 2909 1048 2974 dixit
1069 2907 1209 2972 Aurana
1236 2931 1290 2983 ess
1314 2909 1472 2982 βασιλειαν
1494 2910 1535 2988 ⁸).
1578 2909 1726 2998 luteres·

165 3015 296 3078 literam
320 3010 410 3077 rucis
430 3011 587 3094 Τιβεριας,
618 3009 704 3095 opud
730 3033 825 3096 quam
854 3033 909 3074 ur·
964 3015 1020 3080 vix
1044 2997 1226 3086 credibile,
1258 3006 1430 3072 Herodem
1450 3008 1603 3092 Antipam
1633 3031 1709 3076 sese

164 3117 241 3180 hem
268 3113 356 3178 hunc
388 3114 498 3178 statuit
528 3135 660 3178 numum
690 3112 850 3196 signatum
867 3115 907 3193 ¹),
964 3115 998 3178 in
1014 3125 1144 3176 moneta
1161 3109 1292 3195 publica
1315 3109 1436 3173 dixisse
1453 3099 1588 3194 regem,
1611 3133 1710 3196 quem

164 3217 254 3304 quod
276 3237 350 3282 esse
374 3217 515 3293 salsum,
541 3235 619 3278 mox
645 3214 794 3278 dicetur.¹
827 3212 909 3276 Maf—
964 3213 1162 3280 tetrarcham
1190 3222 1314 3276 tantum
1344 3228 1418 3272 esse
1445 3209 1623 3302 volnerunt
1642 3205 1736 3278 tto·'

163 3323 336 3387 leiuseam
358 3341 432 3384 cum
449 3319 491 3383 L.
510 3311 554 3384 Γ.
568 3315 756 3403 conjunxit,
783 3321 910 3380 'cusum-
965 3318 1075 3394 mani,
1111 3314 1269 3398 cujusque
1306 3325 1437 3375 moneta
1473 3323 1565 3376 certa
1594 3327 1710 3378 tetrar-

164 3445 229 3512 (με
258 3419 342 3489 adeo
372 3429 506 3485 numum
532 3419 701 3486 contendit
727 3437 812 3483 suno
845 3417 908 3484 303
965 3421 1046 3486 chae
1069 3429 1192 3482 tautum
1216 3415 1349 3478 nomine
1372 3412 1569 3476 inscribitur.
1609 3413 1734 3508 Qucd¹

163 3543 263 3592 serae
293 3519 541 3592 Seleucidarum
564 3521 608 3606 b).
660 3519 728 3586 Sed
753 3540 910 3609 quascun·
965 3521 994 3588 ai
1009 3541 1070 3586 rex
1090 3539 1209 3584 revera
1227 3516 1308 3593 fuit,
1330 3535 1391 3580 cur
1408 3515 1573 3622 Agrippae
1590 3515 1616 3582 l.
1633 3518 1709 3603 regi

164 3647 228 3716 que
254 3627 313 3693 has
341 3627 544 3692 eruditorum
575 3624 752 3690 sententias
786 3623 909 3710 oppido
964 3623 1094 3712 regium
1131 3619 1260 3686 titulum
1293 3615 1433 3694 invidit,
1469 3629 1504 3681 et
1538 3619 1707 3701 postremo

164 3729 284 3796 fallere
298 3727 810 3810 demonstraritBarthelemyus,
832 3746 907 3792 cum
965 3725 1163 3812 principatus
1190 3720 1240 3785 sui
1269 3739 1353 3784 anno
1378 3717 1546 3803 profectus
1569 3733 1619 3784 est
1640 3721 1707 3785 tto-

161 3847 322 3911 testatur,
349 3833 383 3896 in
404 3853 504 3897 numo
526 3831 625 3896 simili
647 3850 765 3894 recens
784 3829 818 3891 in
839 3851 909 3894 mu·
965 3849 1073 3905 mam,
1100 3837 1137 3890 ut
1159 3823 1300 3889 eundern
1323 3819 1485 3885 honorem
1507 3821 1569 3884 sibi
1590 3821 1708 3887 aCali·

163 3953 259 4002 scum
285 3934 375 4019 regis
406 3935 499 4000 illuto
529 3932 699 3999 observari
726 3953 861 4017 parrum
884 3953 906 3998 o
964 3930 1041 4016 gula
1069 3939 1201 4014 peteret
1221 3923 1279 4008 i)i
1320 3920 1474 3988 Herodes
1499 3920 1573 4006 jnre
1599 3922 1705 3990 dictos

162 4037 281 4104 literae
299 4039 329 4100 Τ
347 4039 536 4116 imminens,
566 4050 602 4100 nt
626 4037 709 4099 adeo
734 4033 816 4100 haec
839 4032 907 4100 lor-
963 4051 1063 4119 reges
1086 4029 1165 4095 nori
1188 4027 1303 4104 binos,
1334 4023 1505 4090 Heredem
1528 4027 1592 4104 tt,
1621 4029 1706 4111 ejus·

162 4163 214 4207 ms
243 4141 288 4206 sit
321 4143 423 4203 instar
457 4137 766 4224 monogrammatis,
796 4149 905 4224 neque
963 4155 1028 4222 que
1046 4135 1091 4198 ex'
1110 4131 1181 4196 lilio
1204 4127 1397 4194 Aristobulo
1416 4139 1572 4210 nepotem
1598 4131 1705 4195 Hero·

162 4243 247 4310 adeo
266 4243 320 4310 vel
343 4243 480 4322 urbem,
501 4242 557 4308 rel
581 4261 691 4308 seram
720 4238 906 4330 significare
963 4237 1040 4303 deus
1058 4231 1221 4302 Chalcidis
1245 4251 1372 4316 regem.
1413 4227 1542 4308 Video,
1569 4231 1610 4294 ab
1631 4251 1705 4297 eru·

162 4347 322 4432 possita).
957 4339 1038 4404 'ditis
1058 4347 1250 4424 praesentes
1275 4351 1392 4396 numos
1419 4329 1483 4414 jam
1509 4333 1605 4410 huic,
1638 4333 1705 4418 jaus

224 4449 278 4535 Ex
295 4439 719 4530 inscrtpnttazlttettz
734 4457 907 4531 patet,nn·
961 4443 1012 4506 illi
1030 4439 1159 4506 Herodi
1180 4435 1301 4516 tribpi,
1338 4433 1448 4499 malim
1479 4453 1543 4520 ego
1575 4433 1704 4500 Herodi

159 4573 234 4620 utos
249 4551 372 4616 similes
392 4569 466 4616 essa
481 4551 626 4616 Herodis
644 4549 833 4635 cujuspiam,
850 4549 907 4636 qui
961 4549 1029 4623 hi.;
1059 4563 1133 4607 nam
1157 4541 1213 4632 qni
1238 4537 1329 4604 ιιιιιπὶ
1357 4537 1441 4602 certi
1462 4549 1536 4600 sunt
1556 4539 1702 4602 Herodis

158 4681 1707 4718 mmm

198 4763 231 4834 s)
251 4759 334 4840 opp.
348 4759 453 4837 sel..p.
469 4771 533 4824 sss.
609 4755 644 4830 b)
663 4757 731 4816 Ant.
749 4753 827 4819 Gall.
844 4765 954 4835 para.
1029 4755 1057 4826 a)
1077 4752 1109 4810 tt.
1123 4749 1158 4809 L.
1175 4721 1261 4808 Tuis.
1272 4747 1379 4805 xxvi.
1398 4765 1429 4822 p.
1443 4756 1505 4811 sot·
1570 4747 1605 4824 d)
1622 4747 1703 4829 opp.

163 4847 216 4910 sel.
235 4863 345 4928 psat.
419 4853 451 4932 e)
470 4847 545 4910 bell.
563 4847 629 4910 Iud.
647 4845 682 4905 t.
696 4847 737 4910 11.
755 4857 843 4910 ntt.
863 4847 889 4922 l·
905 4853 932 4911 s.
1005 4839 1039 4918 i)
1058 4843 1115 4906 los.
1134 4841 1205 4904 Aut.
1224 4839 1258 4899 L·
1273 4835 1382 4904 xvttt.
1403 4855 1429 4898 c·
1445 4850 1472 4902 t·
1490 4837 1517 4910 §-
1534 4850 1558 4900 t.
1678 4875 1681 4882 ·
