4168 5454
628 538 943 646 sunnvcts,
980 547 1201 621 ernau.
1375 607 1376 612 a
1606 579 1675 640 ar:

128 695 362 776 martorum
377 724 492 786 maa„
523 705 602 770 etin
617 727 716 772 numo
729 710 878 787 Macrini,
936 712 977 776 ad
998 715 1213 780 Commodum
1248 719 1280 780 io
1309 719 1539 810 plerarumque
1562 725 1674 810 Syriae

130 818 168 882 in
187 833 252 898 qno
267 811 392 896 legitur
409 805 483 875 AT.
504 810 546 873 K.
566 811 610 876 A.
627 808 746 873 idest:
764 807 880 873 ATrn-
934 815 1064 878 urbium
1078 833 1208 884 moneta
1225 823 1388 901 visuntur,
1407 825 1448 888 ad
1462 827 1583 892 nullam
1598 851 1675 914 epo·

133 939 208 1002 ‚epa
232 917 298 978 Kar
314 915 440 982 Aratha,
934 917 1028 981 cham
1053 922 1210 1002 applicari
1234 941 1388 1008 possunt,
1418 947 1483 991 nou
1509 930 1674 1014 sequitur,

202 1020 411 1082 Aaronom.
440 1009 545 1094 Hujus
564 1009 720 1094 frequens
742 1013 877 1094 mentio,
933 1017 1023 1083 idem
1050 1041 1124 1085 esse
1149 1027 1355 1090 sentiendum
1377 1029 1418 1092 de
1444 1031 1568 1108 literis,
1590 1053 1673 1117 quae

132 1135 169 1187 at
187 1117 321 1201 dempto
332 1115 435 1178 citato
452 1111 591 1176 Macrini
611 1133 711 1176 numo
733 1129 881 1180 constan·
936 1133 1029 1184 como
1058 1122 1198 1207 quodam
1227 1147 1429 1213 progressu,
1460 1145 1557 1214 atque
1591 1132 1675 1196 adeo
1795 1113 1798 1120 Δ

132 1237 192 1290 ter
207 1221 353 1306 jungitur
369 1237 444 1282 cnm
461 1211 622 1288 ῙΕΡΑΣ,
645 1228 783 1308 uterque
799 1237 879 1282 vero
936 1237 1027 1288 certa
1052 1223 1129 1306 lege
1154 1227 1297 1312 signatae
1323 1245 1397 1292 suat
1420 1233 1454 1292 iu
1476 1233 1677 1297 tetradrach-

134 1323 255 1389 titulus
283 1334 358 1406 post
383 1323 566 1401 Augustum
590 1338 667 1380 raro
693 1319 727 1378 ia
749 1331 880 1380 moneta
936 1325 1023 1402 aris,
1054 1325 1181 1389 duobus
1220 1329 1387 1394 minimum
1425 1323 1564 1397 saeculis
1601 1350 1675 1398 ante

133 1440 269 1492 „ouras
286 1424 357 1486 iore
375 1421 487 1483 incisis
510 1439 570 1502 per
586 1419 757 1485 intervalla
780 1419 882 1506 privi·
936 1425 1068 1506 Traiani
1083 1447 1198 1493 aevum
1214 1429 1393 1513 'parnassia
1423 1429 1674 1500 Obierrandnm

132 1527 249 1614 legiis.
278 1521 497 1588 Seleucenses
513 1521 730 1586 autonomiam
747 1521 808 1586 sihi
826 1540 881 1582 cx·
935 1542 1126 1612 praeterea,
1148 1549 1203 1592 raa
1224 1545 1315 1593 notas
1333 1532 1568 1617 imperatorum
1591 1557 1673 1601 aevo
1756 1551 1759 1556 '
1797 1606 1802 1616 ,

131 1639 305 1696 tenenat
322 1624 413 1688 inter
436 1624 614 1688 discordias
638 1623 791 1686 Antiochi
808 1623 879 1690 v1-1.
935 1628 1042 1690 numia
1069 1628 1244 1726 impreapas
1264 1653 1428 1718 nunquam
1451 1657 1622 1700 nnmerum
1644 1637 1690 1714 Θι

132 1747 173 1799 et
190 1733 279 1800 Vlll.
300 1727 449 1792 hairum.
493 1727 628 1789 Factum
654 1723 741 1788 istud
765 1740 879 1788 secun·
936 1728 1127 1806 excedere,
1163 1745 1200 1794 nt
1227 1733 1367 1796 diximus
1394 1735 1429 1796 iu
1458 1741 1563 1801 numia
1591 1742 1676 1802 Ber·

132 1835 221 1900 dnm
246 1831 425 1896 Eusebium
443 1829 485 1898 V.
517 1829 554 1894 C.
575 1827 669 1904 645„
699 1827 880 1890 secundum
935 1829 1038 1931 haepe
1064 1831 1303 1913 Cyrrhesticae.
1352 1821 1404 1898 Ad
1434 1837 1580 1902 eandem⁴
1599 1861 1677 1925 epe·

131 1935 402 2002 FastosSioulos
419 1932 497 2016 tat,
521 1931 671 1995 Norisina
688 1928 791 2013 priori
809 1947 882 1990 aen·
938 1931 1033 1995 cham
1062 1932 1211 1996 Nerisius
1246 1955 1377 2021 quoqne
1405 1941 1508 2023 exigit
1544 1961 1677 2003 numum
1736 1979 1739 1985 ·

130 2043 264 2105 tentiae
279 2038 433 2104 adhaesit.
455 2035 547 2098 Haec
562 2034 696 2096 libertas
712 2049 807 2094 cansa
820 2027 883 2090 fuit
937 2033 1005 2096 loci
1019 2034 1109 2122 Π,
1131 2034 1179 2097 sic
1200 2048 1326 2116 tamen,
1350 2053 1385 2102 nt
1407 2034 1585 2125 subjectam
1605 2043 1679 2104 lite·

133 2143 396 2212 Seleucensibus
406 2135 596 2206 condendae
609 2153 712 2202 norae
724 2130 882 2216 epochae,
913 2155 1008 2220 'ram
1039 2135 1073 2198 K
1101 2155 1168 2198 non
1190 2138 1361 2218 pertinere
1389 2139 1431 2202 ad
1455 2163 1575 2204 anunm
1602 2163 1680 2227 epo-

132 2263 176 2312 nt
193 2245 334 2310 dicetur.
935 2237 1038 2314 ohne,
1069 2237 1129 2302 sed
1147 2256 1223 2307 ease
1244 2253 1352 2304 uotam
1376 2245 1548 2306 monetarii
1570 2246 1680 2308 caiati-

396 2321 689 2412 ’,ι’
936 2349 1016 2400 mot·

205 2449 339 2514 Montio
368 2450 452 2510 situs
475 2467 493 2508 a
514 2445 634 2506 Pieria.
668 2437 815 2502 Pliniana
845 2438 882 2498 in
1000 2439 1057 2502 III.
1091 2441 1287 2523 Pompeiana
1307 2443 1350 2507 ab
1375 2464 1460 2508 anno
1475 2445 1515 2514 V.
1547 2429 1584 2514 C.
1603 2449 1678 2532 (too.

128 2551 365 2640 promontorio
379 2559 489 2610 nutem
502 2545 654 2608 Seleucia
672 2543 788 2616 libero,
808 2540 881 2602 Pie·
937 2537 991 2600 Ad
1016 2540 1100 2604 hanc
1123 2543 1321 2606 Pellerinius
1351 2547 1453 2636 exigit
1477 2571 1596 2612 annum
1618 2554 1678 2634 qP.

134 2659 196 2719 n'a
212 2653 390 2736 appellato.
427 2646 504 2708 Fuit
524 2645 558 2706 in
575 2641 766 2708 Macedonia
786 2640 881 2724 regie
938 2639 1138 2723 descriptum
1159 2644 1193 2704 in
1208 2665 1307 2708 numo
1322 2647 1455 2711 Antinoi
1476 2671 1564 2712 unm.
1575 2653 1678 2718 xvlt.

133 2754 324 2820 testeitem
338 2749 463 2825 Plinio,
486 2765 601 2832 quaen
618 2762 753 2808 nemone
769 2746 883 2805 Pirria
933 2744 1090 2827 dignatus
1117 2765 1205 2828 erge
1246 2761 1335 2810 esset
1359 2750 1400 2816 V.
1420 2749 1455 2814 C.
1479 2751 1552 2836 874.
1609 2752 1678 2816 Sed

132 2854 382 2944 appellabatur,
404 2873 498 2936 aqua
518 2847 593 2911 eum
606 2845 718 2928 Syriae
732 2857 881 2919 tractam,
937 2845 1027 2908 enim
1051 2845 1084 2908 iu
1099 2845 1180 2910 viris
1201 2845 1307 2912 adhuc
1324 2862 1393 2912 tum
1418 2865 1488 2915 erat
1506 2853 1677 2932 Antinous,

131 2963 171 3026 in
196 2977 263 3043 qno
286 2955 349 3018 init
364 2952 534 3029 Seleucia,
557 2951 717 3014 Seleucus
739 2947 882 3010 Pieriam
925 2957 975 3010 'nt
996 2947 1116 3010 dicitur
1143 2947 1177 3009 in
1208 2949 1278 3030 ejus
1305 2953 1433 3029 nuruis,
1465 2973 1573 3040 neque
1603 2975 1680 3019 con·

137 3058 328 3148 appellarit.
936 3061 1020 3125 etat,
1047 3049 1118 3132 ejus
1141 3053 1292 3127 nomine,
1315 3053 1423 3136 quoad
1449 3057 1546 3132 vixit,
1574 3057 1681 3148 signa·

405 3184 426 3221 .
503 3133 527 3172 ⁸
610 3179 631 3216 a
938 3161 991 3212 tea
1008 3149 1109 3212 inisse
1128 3171 1253 3216 numos.
1275 3153 1328 3216 Ad
1340 3155 1426 3218 haec
1448 3177 1521 3219 cum
1539 3157 1678 3236 videam,

203 3263 360 3345 morta.-
381 3269 519 3342 quatuor
532 3255 620 3318 sorte
637 3250 734 3318 variis
748 3249 889 3335 epochis
936 3251 973 3312 in
1014 3251 1103 3314 nulla
1139 3251 1251 3333 Syriae
1291 3255 1374 3318 urbe
1414 3257 1490 3320 huic
1527 3263 1677 3324 catamito

132 3367 191 3432 nsi
205 3379 281 3430 aunt
293 3363 512 3426 Seleucenses
528 3353 721 3418 docentibus
736 3353 859 3416 numina
939 3350 1106 3416 dedicatos
1127 3353 1228 3417 fuisse
1253 3376 1389 3432 numos,
1420 3370 1512 3440 typus
1533 3359 1675 3424 Palladis

200 3471 227 3532 1.
255 3465 504 3544 Seleucidurum
517 3459 559 3526 V.
571 3458 608 3521 C.
626 3463 699 3532 oda.
721 3455 781 3516 Est
799 3452 880 3516 haee
938 3454 1034 3537 plane
1051 3453 1177 3517 alienus
1199 3455 1240 3517 ait
1262 3477 1279 3518 a
1299 3459 1678 3528 Seleucensium'mone·

132 3572 209 3636 sine
234 3567 336 3632 dnbio
359 3566 393 3626 in
414 3561 522 3624 numia
541 3558 675 3624 locoll.
701 3569 736 3620 et
758 3553 815 3624 lv.
837 3553 883 3617 al·
937 3568 990 3634 ta,
1021 3556 1157 3638 inipso
1178 3577 1259 3622 vcro
1291 3580 1390 3623 numo
1412 3560 1499 3624 alind
1521 3563 1589 3644 legi
1610 3583 1677 3626 non

132 3672 224 3738 Μὴ,
937 3659 1059 3742 possit,
1082 3678 1177 3742 qnam
1200 3650 1413 3722 certem
1435 3695 1448 3712 ·
1468 3696 1507 3736 ·,
1529 3663 1601 3745 jure
1626 3686 1678 3728 re·

129 3823 133 3830 .
199 3775 243 3836 Π.
265 3770 317 3834 Ab
335 3768 466 3834 obtenta
483 3767 675 3828 aeconomia
691 3762 733 3829 V.
750 3759 789 3826 C.
807 3761 881 3836 645.
938 3781 1035 3836 reor,
1057 3771 1232 3824 utnumus·
1250 3761 1291 3822 sit
1312 3761 1407 3844 hujus
1425 3763 1607 3830 Seleuciae.
1641 3767 1677 3828 si

131 3878 232 3940 Hanc
265 3895 340 3938 cnm
364 3869 495 3934 Norisio
526 3865 623 3931 video
648 3863 683 3928 in
716 3863 881 3948 argenteis
938 3882 1005 3924 non
1032 3860 1117 3924 fallit
1142 3862 1354 3940 Vaillantius,
1387 3864 1426 3926 ab
1460 3865 1520 3930 hac
1551 3868 1678 3950 epocha

129 3997 229 4046 nnn.
246 3977 319 4042 vu.
346 3973 470 4046 charis,
493 3988 681 4052 expressam
700 3965 883 4028 numerica
938 3961 1095 4048 pendebit
1126 3984 1227 4025 annus
1253 3959 1349 4026 ΟΠΘ
1373 3965 1553 4032 Alexandri
1578 3969 1678 4036 Seve-

130 4083 166 4146 Δ
186 4096 292 4166 uqne
311 4076 391 4154 ΑΚ,
413 4070 711 4158 progredientibus.
743 4065 883 4130 Pelleti·
938 4065 988 4144 ri,
1021 4064 1076 4150 qni
1107 4065 1202 4136 alteri
1229 4066 1377 4149 epochae
1408 4069 1491 4133 nulli
1519 4071 1676 4156 applicari
1713 4055 1717 4060 ¹

129 4185 211 4248 taine
230 4177 321 4246 istud
335 4179 369 4240 in
386 4175 520 4238 dubium
535 4186 648 4248 vocat,
671 4169 812 4253 citatque
829 4187 881 4234 ra·
936 4181 1060 4252 potest.

129 4287 207 4350 rios
227 4301 347 4348 numos
366 4277 497 4370 Trajani
514 4287 625 4350 ‚aetate
655 4272 819 4356 signatos,
836 4271 882 4344 ‚in
936 4323 939 4328 .
999 4269 1057 4337 tv.
1081 4269 1288 4333 Actiacaab
1312 4273 1449 4342 anro.
1467 4274 1587 4353 C.7ad.
1610 4277 1678 4339 lin·

133 4405 282 4472 quornm
321 4401 397 4446 area
426 4379 534 4444 variae
566 4377 680 4441 literae
718 4373 881 4438 solitariae
938 4373 989 4454 jas
1026 4384 1076 4434 cst
1104 4387 1210 4434 annus
1241 4371 1315 4436 ΖΜ
1350 4375 1385 4436 io
1422 4397 1520 4439 namo
1550 4377 1703 4444 Tiberii.

129 4500 317 4572 vagantur,
349 4501 432 4566 qnae
461 4479 544 4544 adeo
575 4481 615 4544 ab
639 4499 725 4544 anno
749 4491 883 4540 autouo·
913 4475 1148 4574 §aamqu
1176 4473 1217 4537 de
1244 4496 1309 4560 quo
1339 4475 1413 4542 ride
1443 4477 1528 4540 dicta
1554 4478 1591 4540 io'
1610 4499 1679 4544 mo·

125 4591 225 4654 nire
252 4583 323 4672 peti
347 4603 412 4648 nen
442 4595 586 4667 possunt.
630 4582 675 4644 At
702 4579 806 4645 credo
836 4577 884 4639 di·
938 4590 1013 4641 neta
1036 4575 1249 4671 Antiochiae,
1281 4579 1362 4640 itera
1392 4598 1493 4640 annua
1525 4576 1596 4642 Ae.
1619 4583 1678 4645 Ca-

129 4687 334 4775 etingnenda
348 4707 422 4753 ease
439 4694 607 4768 tempora,
627 4695 661 4744 ct
677 4683 704 4743 si
718 4680 882 4744 solitariae
939 4679 1078 4744 raaattre
1092 4699 1180 4744 num.
1194 4680 1283 4743 xtx.
1313 4678 1365 4740 Ad
1380 4680 1462 4741 hanc
1480 4679 1576 4743 etiam
1592 4682 1677 4748 lorto

128 4795 202 4858 hae
224 4805 344 4868 noue,
373 4808 458 4875 quac
483 4787 560 4851 iude
581 4783 756 4868 a‘l'rajane
778 4804 882 4867 usqne
940 4779 1120 4868 exigendus
1142 4793 1334 4845 autonomus
1364 4799 1437 4844 cum
1463 4779 1680 4851 anno-HIIP.
1741 4805 1746 4816 ·
