4168 5454
459 489 464 502 ’
571 529 1120 640 enumeraturum.
1191 493 1194 504 ’
1546 551 1625 632 ato

97 723 153 784 tus,
183 724 319 792 euntque
341 703 448 786 ipsum
472 704 638 768 Creticum
663 705 817 769 Silanum
872 705 1055 792 imperante
1071 707 1236 791 Augusto,
1259 705 1346 789 qnod
1363 703 1524 791 insignem
1541 707 1613 788 ejua

97 821 266 872 constanter
301 805 439 890 appellat
476 805 617 870 Tacitus.
664 809 816 872 Doceate
872 810 913 876 ad
935 811 1064 874 Actium
1087 808 1256 875 victoria'm
1277 808 1472 885 testabatur,
1504 821 1538 870 et
1559 806 1613 870 ad·

96 929 180 972 numo
198 903 279 972 ΒΜ.
302 909 335 969 in
356 907 447 990 Syria
475 908 539 990 jam
566 905 629 970 init
655 907 741 971 inter
763 931 817 972 au·
871 913 937 976 lsuo
958 913 1045 974 inter
1066 911 1155 974 initis
1173 911 1316 987 Tiberii,
1339 925 1375 974 ut
1395 929 1472 972 mox
1493 928 1536 972 ex
1555 929 1613 969 uu·

96 1027 223 1078 tunnam
243 1005 317 1092 764.
341 1021 374 1072 et
395 1023 582 1076 autumnum
603 1008 677 1091 765.
717 1009 815 1072 Numi
872 1014 933 1076 mis
963 1013 1065 1090 Silani
1093 1012 1241 1078 vidimus.
1287 1011 1354 1075 Sed
1390 1024 1479 1095 patet
1505 1008 1615 1074 'etiam

97 1121 276 1198 postremum
311 1131 429 1174 sunum
464 1111 586 1183 babent
616 1107 720 1187 zM.,
761 1111 818 1195 qui
875 1133 917 1180 ex
944 1115 1073 1192 numia,
1103 1115 1325 1178 Caesarianam
1356 1111 1617 1196 imperantel'i·

97 1214 189 1296 coepit
212 1213 246 1274 iu
273 1223 426 1276 autumno
447 1213 489 1282 V.
509 1215 546 1279 C.
567 1213 641 1297 769.
670 1214 817 1284 exiturus
873 1217 969 1280 becio
991 1217 1037 1280 sic
1059 1216 1252 1279 Antiochiae
1276 1215 1468 1292 stabilitam,
1499 1226 1535 1276 ut
1551 1214 1614 1277 Ac-

96 1317 278 1378 inantamno
293 1333 367 1394 77ο.
384 1316 518 1380 Revera
535 1314 576 1378 ad
593 1335 709 1384 annum
727 1315 768 1382 V.
780 1314 817 1380 C.
874 1318 988 1381 ticcam
1013 1337 1054 1380 ex
1075 1330 1206 1380 moneta
1229 1317 1444 1394 extruderet,
1468 1327 1502 1378 et
1524 1313 1616 1378 dein-

97 1437 158 1498 77⁰·
173 1413 272 1478 refert
291 1415 424 1478 Tacitus
438 1423 487 1496 ¹),
509 1415 697 1492 Tiberium,
720 1437 818 1502 quan·
875 1437 953 1503 ceps
971 1419 1040 1502 ipsa
1056 1419 1126 1482 aola
1142 1419 1288 1502 vigeret,
1306 1431 1340 1481 et
1355 1418 1614 1500 quotiescunque

97 1517 132 1580 do
147 1515 367 1580 Germanioum
387 1515 507 1581 orienti
523 1517 743 1600 praefecerat,
765 1521 820 1581 de·
874 1541 893 1584 a
914 1519 1127 1602 scriptoribus
1148 1517 1315 1583 inferioris
1337 1519 1411 1583 aevi
1432 1538 1527 1581 aerae
1550 1518 1615 1578 An·

96 1621 217 1680 nosiaac
245 1618 347 1702 Syria
380 1619 549 1710 Creticum
582 1619 734 1703 Silanum
759 1639 820 1702 per
873 1613 1046 1686 tiochense
1076 1621 1114 1684 lit
1145 1622 1287 1697 mentio,
1325 1619 1395 1683 sola
1426 1619 1509 1682 haec
1539 1605 1623 1684 aera

96 1717 281 1802 adfinitatem
299 1737 484 1783 connexum
503 1717 716 1797 Germanico,
738 1724 818 1800 quia
874 1722 1066 1788 Caesariana
1079 1723 1331 1806 intelligeretur.
1354 1721 1520 1797 Diximus,
1539 1739 1614 1784 coe·

98 1819 192 1884 titana·
206 1819 290 1906 filia
319 1819 459 1896 Neroni,
487 1823 711 1886 oetatstissiano
738 1821 819 1883 libc-
872 1823 961 1908 pisso
980 1825 1021 1892 V.
1038 1824 1073 1886 C.
1091 1825 1175 1908 705,
1197 1822 1284 1906 quod
1307 1836 1340 1884 et
1361 1820 1551 1903 probabitur
1572 1841 1615 1884 ex
1650 1821 1654 1830 '

96 1943 189 1984 aarum
216 1923 302 2000 aius,
336 1933 441 2006 pocta
468 1935 558 1999 crat,
593 1925 818 2006 praefecitque
873 1925 991 1990 numis.
1014 1924 1082 1988 Sed
1098 1926 1183 1990 saria
1198 1937 1372 2005 martyrum
1388 1921 1505 1987 acta'vi
1521 1923 1617 1987 claro·

99 2023 145 2085 Cn·
160 2023 304 2086 Pisonem
324 2037 386 2086 etc.
407 2020 501 2086 Adeo
516 2024 711 2108 plerumque
726 2023 817 2087 belle
873 2028 1102 2110 nologicorum
1135 2019 1359 2090 characterum
1386 2023 1521 2105 exigunt
1554 2039 1616 2106 pro
1663 2042 1665 2048 ·

95 2123 168 2184 nuni
191 2138 340 2203 ceteras,
368 2125 427 2188 sed
456 2123 554 2208 probi
583 2137 618 2188 et
645 2125 709 2188 rite
738 2123 818 2190 lecti
874 2149 970 2197 seras
991 2128 1084 2191 initio
1106 2149 1222 2190 annum
1245 2129 1286 2194 V.
1305 2127 1342 2192 C.
1364 2122 1438 2209 706.
1474 2123 1547 2217 Qua
1566 2147 1618 2188 rs·

95 2245 154 2290 eum
191 2241 341 2290 veterum
384 2226 576 2290 testimoniis
619 2227 817 2310 conspirant.
875 2231 964 2294 tione
994 2231 1077 2294 baec
1108 2228 1277 2292 conciliari
1304 2229 1446 2312 possint,
1477 2225 1552 2290 iide
1581 2226 1616 2287 in

94 2329 169 2392 lolem
196 2329 248 2392 bic
271 2329 404 2391 Silanus
432 2342 632 2392 memoratur
659 2329 757 2392 etiam
783 2329 819 2389 in
873 2332 1045 2396 Memoriia
1077 2331 1181 2398 Petis.
1212 2329 1359 2417 inscript.
1393 2331 1488 2392 Tem.
1511 2326 1623 2390 xxx.

94 2431 183 2494 onmis
203 2429 353 2493 coloniae
374 2433 489 2512 Beryti
510 2429 714 2507 Phoenicas,
742 2429 821 2494 sori·
875 2455 908 2522 p.
926 2435 999 2501 ada.

94 2546 154 2612 pto:
173 2533 304 2598 Penta
326 2531 480 2596 SlLANl.

144 2635 231 2698 Ratio
260 2634 378 2700 arietis
408 2633 554 2700 salientia
580 2631 710 2706 dabitur
734 2630 820 2698 inira
1191 2671 1225 2764 §-
1245 2669 1304 2742 lx·

944 2835 1175 2908 ΤΙΒΕΡΙΟΣ.
1233 2833 1420 2904 tantm.
1475 2831 1617 2899 ’ΣΕΒΑ-

609 2979 617 2998 ·
873 2937 1016 3011 ΣΤΟΣ.
1056 2949 1161 3025 Caput
1194 2943 1317 3007 ittarta·
1344 2934 1432 3002 laur.
1468 2931 1493 2997 Ξ
1520 2931 1616 2999 Esll.

197 2973 228 3061 l·
244 2977 336 3046 vm·
359 2977 456 3040 Am
478 2976 692 3043 ⁰⁰⁶‘“'¹⁰'⁸“’
873 3041 1119 3110 «annuunt.
1164 3037 1465 3106 tuotoxustn.
1510 3058 1618 3100 annas

141 3141 310 3226 Poatpoaui
331 3165 441 3208 aeram
463 3145 687 3210 Caesarianam
708 3143 816 3229 Actias
871 3144 947 3214 Bll.
976 3152 1067 3212 intra
1096 3165 1262 3210 coronam.
1300 3143 1371 3207 ΔΕ.
1393 3143 1433 3202 ll.
1466 3137 1617 3223 (Motelli

91 3261 138 3304 cae
167 3247 225 3308 ctai
258 3245 379 3310 ordine
410 3248 576 3332 priorem,
615 3245 704 3332 quod
739 3259 814 3311 ante
872 3248 947 3312 lam.
968 3250 1126 3330 Pompon.
1148 3247 1233 3312 Mus.
1251 3244 1344 3309 Caes.
1366 3241 1465 3308 Noria
1486 3261 1538 3326 ep.
1559 3241 1617 3324 sy·

91 3357 219 3428 tempas,
246 3349 284 3409 in
315 3369 380 3434 quo
406 3369 493 3412 nunc
521 3369 649 3424 sumus,
678 3367 756 3412 raro
781 3348 816 3408 in
873 3369 958 3415 rom.
981 3371 1013 3432 p.
1031 3352 1115 3430 ιίμ.)

89 3449 177 3512 tumis
217 3449 436 3514 Antiochenia
479 3464 650 3534 usurpata,
698 3451 816 3512 saltem
938 3451 1050 3513 Annus
1073 3445 1149 3510 Btt.
1175 3447 1290 3510 ductus
1319 3445 1359 3508 ab
1386 3463 1461 3510 aera
1483 3441 1616 3506 Actiaca

90 3549 162 3628 qaod
180 3565 276 3613 certo
298 3564 445 3627 constet,
475 3551 632 3636 deinceps
660 3551 729 3615 sola
751 3550 817 3634 bn.-
873 3553 916 3621 V.
931 3552 966 3614 C.
984 3551 1058 3633 723.
1083 3547 1301 3633 responderet
1323 3567 1407 3610 anno
1424 3548 1466 3613 V.
1484 3545 1519 3606 C.
1539 3543 1613 3618 804.

87 3649 208 3714 tiocbiao
230 3665 397 3716 monetam
420 3665 568 3736 occupat.
606 3651 699 3731 Dixi,
728 3647 816 3738 quod
874 3654 930 3738 qui
959 3651 1086 3715 'I'iberii
1116 3651 1290 3734 imperium
1326 3661 1360 3710 et
1395 3645 1492 3709 vitam
1523 3644 1614 3708 annis

87 3765 165 3814 certo
199 3767 350 3828 constet,
386 3774 462 3818 raro
497 3767 702 3838 usurpatam3
741 3772 816 3816 nam
872 3754 960 3820 xtv.
984 3751 1126 3818 excedit.
1156 3748 1334 3814 Ducendus
1359 3767 1440 3831 ergo
1465 3746 1504 3810 ab
1527 3747 1616 3830 Epo·

88 3849 211 3918 adeam
239 3854 331 3919 forte
362 3854 516 3940 exigendi
546 3847 694 3931 numeri,
733 3875 815 3940 quoa
873 3853 1140 3920 ebsCaosariana
1154 3854 1194 3922 V.
1208 3853 1244 3916 C.
1262 3852 1337 3933 705.
1354 3863 1388 3912 et
1404 3869 1445 3912 ex
1460 3851 1519 3913 bac
1535 3848 1612 3931 lege

89 3973 169 4036 snpra
188 3952 220 4042 §2
232 3959 275 4020 ll.
298 3955 333 4018 in
351 3958 458 4020 numia
476 3979 575 4022 aerae
597 3957 741 4022 incertae
763 3975 816 4019 re·
872 3958 1013 4042 signatus
1028 3977 1143 4020 numus
1160 3953 1199 4017 ab
1216 3965 1369 4016 autumno
1385 3951 1428 4017 Vt
1443 3951 1478 4014 C.
1497 3950 1577 4032 786.

87 4055 192 4120 mmai.
229 4056 399 4122 Hactenus
420 4059 590 4125 babuimus
612 4073 736 4124 certam
764 4079 816 4122 aa·
934 4057 1134 4141 Pomponius
1165 4054 1301 4118 Flaccus
1334 4053 1447 4134 Syriae
1478 4071 1612 4138 praeses

87 4173 143 4218 ram
159 4159 385 4222 Caesarianam
405 4159 438 4220 in
460 4181 545 4224 anno
566 4157 640 4225 ΔΝ.
662 4159 722 4226 scd
739 4181 816 4224 cou-
872 4177 970 4244 saepo
991 4181 1010 4223 a
1031 4157 1187 4242 losephn,
1219 4154 1396 4230 Suetonio,
1426 4154 1541 4218 'I'acito
1570 4153 1614 4216 ci·
1730 4177 1738 4194 ·

86 4259 180 4338 juncto
204 4281 283 4325 cnm
306 4283 391 4325 anno
409 4263 561 4328 Actiacae
578 4259 635 4339 ςΛ
651 4265 686 4326 in
703 4283 813 4340 numo,
870 4277 965 4326 tatur.
1016 4257 1190 4324 Suetonius
1220 4255 1280 4338 l’):
1331 4275 1470 4338 quorum
1512 4256 1615 4316 oltcra'

87 4379 171 4444 quem
191 4360 291 4449 §.111
315 4365 427 4444 citavi,
456 4385 497 4429 ex
520 4386 585 4450 quo
606 4379 712 4446 patet,
742 4385 815 4427 eam
871 4365 1021 4446 (Flacco)
1037 4365 1168 4446 Syriam
1182 4363 1340 4424 continuo
1355 4359 1456 4422 dedit.
1478 4355 1637 4420 Factum·

85 4463 169 4526 etiam
190 4479 259 4529 tum
280 4467 441 4544 valuisse,
472 4484 546 4532 cum
569 4468 708 4532 maxime
728 4467 818 4532 Acti·
871 4449 958 4528 is'tud
974 4463 1101 4548 colligit
1117 4461 1264 4526 Norisius
1280 4461 1369 4550 Μ.
1387 4459 1451 4542 775
1466 4459 1506 4539 ⁰).
1524 4459 1613 4518 Mor·

84 4583 134 4628 cae
150 4567 209 4630 luit
226 4589 320 4646 naua,
338 4569 400 4634 aed
417 4569 636 4654 praevaluisse
652 4569 815 4633 Actiacam
871 4581 961 4630 tuum
986 4567 1020 4628 in
1048 4565 1141 4649 Syria
1163 4565 1197 4627 iu
1219 4563 1406 4647 magistratu
1433 4555 1531 4621 tradit
1553 4557 1615 4619 Ta·

114 4777 381 4846 obnubens.
455 4747 726 4856 smannens.
799 4783 829 4854 a)
850 4777 1028 4837 oenotris.
1046 4777 1155 4854 ansts
1181 4773 1260 4838 eso.
1278 4772 1356 4846 §.ss
1414 4805 1418 4815 ·
