4160 5454
765 569 1038 644 carnaria.
1602 601 1678 681 tro

122 763 155 827 p.
173 749 247 818 44¹¹·
282 757 327 803 ει
361 759 447 803 mus.
477 735 579 805 nobil:
609 735 719 804 laeolti
752 735 877 804 Grade-
931 761 1022 818 oum,
1046 740 1135 826 qaod
1155 740 1189 804 in
1210 742 1330 808 insanis
1351 745 1465 811 Matris
1487 747 1602 815 Idaeae
1624 751 1672 818 ie·

123 843 225 928 arga.)
895 845 989 907 aas
1008 828 1522 934 adhibebaturtesteOvidiob).
1574 863 1578 879 u
1627 864 1632 880 ’

182 941 273 1006 Ludi
293 943 406 1007 Actia
429 944 597 1018 Dusart'a,
626 953 695 1004 turn
723 953 756 1004 et
780 953 875 1026 typus
996 947 1080 1030 Typi
1101 947 1156 1009 alii
1176 949 1273 1030 plane
1295 965 1369 1013 sunt
1391 951 1497 1029 obvii,
1525 953 1674 1040 nihilque
1782 1032 1789 1041 ¹

124 1045 299 1110 torcularis
321 1043 482 1109 hactenns
500 1056 623 1108 tautum
641 1043 678 1105 in
696 1043 802 1107 nuruis
823 1063 876 1106 ur·
931 1049 1134 1112 Pessinuntis
1153 1048 1323 1114 historiam
1340 1052 1513 1121 illustrant.
1535 1059 1678 1121 Prorsus

122 1149 211 1212 bium
227 1145 383 1222 arabiae,
401 1166 439 1210 ac
455 1147 632 1230 praecipue
646 1147 785 1211 Bostrae
799 1158 874 1208 sunt
931 1151 1055 1214 alienus
1071 1150 1111 1214 ab
1126 1150 1186 1215 h'ac
1201 1153 1393 1240 urbe-typus
1405 1159 1552 1222 Daedali
1564 1139 1679 1222 valau-

123 1247 299 1334 comperti.
343 1246 555 1341 Quapropter
584 1249 719 1326 mirum,
757 1247 872 1312 eadem
931 1257 991 1330 tis,
1010 1265 1044 1316 ct
1060 1255 1200 1316 sinistra
1215 1255 1347 1318 Icarum
1360 1261 1491 1338 pariter
1511 1261 1677 1323 celantem

123 1351 205 1420 ltaec
235 1351 381 1434 proponi
412 1351 448 1410 in
477 1371 576 1413 numo
605 1350 698 1414 urbis
726 1349 872 1414 Galatiae
931 1355 1167 1433 reticentiam
1182 1376 1282 1420 numo
1297 1357 1492 1437 caracallae,
1510 1361 1682 1446 (Theop.)-

123 1465 217 1516 tanto
232 1451 411 1516 intervallo
430 1450 593 1528 distantis,
617 1464 713 1536 etque
730 1451 764 1513 id
784 1465 878 1538 tanto
930 1455 996 1518 nisi
1009 1455 1096 1519 sorte
1111 1455 1226 1539 lepide
1242 1457 1282 1520 ad
1298 1459 1387 1523 urbia
1402 1481 1540 1540 nomen,
1566 1477 1600 1526 et
1619 1485 1676 1530 ro·

123 1552 243 1636 1115ἱῆ
275 1572 349 1614 ⁰⁰⁸¹
368 1555 519 1616 Dsssflm
540 1551 674 1617 terbum
697 1553 739 1616 tit
758 1551 873 1615 Arabi·
931 1577 1004 1621 cem
1020 1556 1423 1646 asaaa‘adluditur,quod
1442 1565 1551 1628 Icarus
1570 1565 1616 1630 sie
1633 1584 1676 1628 ex
1745 1553 1748 1558 ⁴

125 1675 198 1718 eum
230 1651 420 1737 significans
447 1653 632 1732 Bacchum,
664 1677 682 1716 u
710 1675 774 1738 quo
803 1654 873 1716 ludi
931 1661 1000 1724 alto
1015 1658 1201 1737 deciderat,
1224 1673 1259 1722 nt
1279 1674 1382 1724 mater
1400 1683 1456 1726 aua
1474 1665 1579 1730 idaea.
1607 1718 1608 1722 ,

122 1755 274 1818 Brutia.
325 1757 508 1841 Singularis
538 1755 634 1840 hujus
667 1756 759 1820 numi
790 1755 872 1821 iides
993 1755 1162 1822 BOTAH.
1186 1757 1607 1844 ΠΕΟΟΙΝΟΤΝΤΙΩΝ,
1630 1770 1675 1832 Μ.

123 1877 230 1942 penes
251 1869 405 1940 auctores
427 1872 509 1923 esto.
657 1941 661 1950 .
930 1861 1068 1925 Aurelii.
1091 1861 1222 1945 (Vaill.)
1631 1892 1636 1902 ·

186 1960 270 2026 ΑΕ.
292 1960 436 2027 RBRR..
994 1965 1243 2046 Magistratus:
1285 1957 1377 2026 ent.
1407 1961 1676 2034 roreNrtot'.
1756 1966 1785 1980 ’“

930 2062 1036 2128 ΚΕΛ.
1057 2065 1196 2132 Aurelii.
1220 2066 1360 2148 (Vaut.)
1788 2072 1790 2080 ’

466 2233 468 2238 Β
993 2166 1125 2228 Meneta
1142 2171 1247 2230 sitas:
1268 2163 1376 2235 ΓΑΛ,
1401 2167 1470 2232 ΤΟ.
1489 2165 1675 2236 ΠΕΟΟΙΝ.

360 2225 650 2350 ΡΕ551ΝῩ5·-
929 2266 1003 2330 va.
1047 2261 1157 2331 ran.
1200 2264 1352 2330 ronrc.
1390 2264 1677 2336 necctnornr-

932 2365 1066 2430 ΤΙΩΝ.
1108 2367 1266 2429 Antonini
1296 2367 1367 2446 Pii,
1406 2383 1440 2433 et
1468 2375 1513 2438 Μ.
1537 2373 1674 2436 Aurelii.

930 2471 1065 2553 (Haym,
1086 2467 1261 2552 Pellerin.)
1293 2469 1453 2534 Nimirum
1484 2473 1562 2540 urbs
1593 2475 1681 2540 haee

930 2570 965 2633 in
981 2570 1104 2656 Galatia
1127 2569 1382 2655 Tolisbogouum
1404 2573 1483 2642 sits.

997 2673 1076 2738 Aa:
1097 2671 1178 2736 RB..

187 2421 225 2480 iu
244 2413 487 2498 Tolistobogia,
512 2413 591 2477 urba
606 2413 721 2477 Matris
738 2413 871 2494 idaeae,

121 2539 184 2582 eeu
213 2519 373 2601 Magnae,
407 2535 468 2577 seu
493 2515 605 2578 Bonae
632 2515 708 2580 hinc
734 2518 873 2581 Romam

122 2619 282 2684 adrectae
309 2617 474 2702 religione
504 2615 689 2696 nobilitata,
718 2619 874 2701 cujusce

122 2723 202 2786 loco
234 2723 345 2805 imago
376 2717 488 2803 specie
519 2717 669 2782 informis
702 2719 820 2804 lapidis
850 2742 874 2808 p

124 2825 224 2887 cocle
257 2821 447 2899 deciderat,
484 2819 570 2883 und'e
602 2813 681 2886 urlis
714 2821 876 2904 appellata
1178 2803 1440 2912 SEBASTi'...

126 2919 268 2999 flama
288 2945 347 2986 “²10
367 2945 404 2984 τ’
424 2939 524 2984 ’'⁸5²‘'
545 2924 595 3007 ι)·’
999 2979 1516 3048 ΑΡΙὶιιίοοοιιεῑίῑιιῑεἰηῦαΙαῑία·
1528 2985 1569 3068 ⁰),
1582 3006 1680 3070 quam

934 3083 1069 3166 propius
1093 3083 1126 3144 ia
1151 3085 1343 3168 Tectosagis
1359 3085 1523 3151 collocant
1538 3102 1602 3152 tam
1620 3111 1679 3152 nu·
1804 3127 1811 3139 ·

349 3201 372 3264 ι
379 3221 466 3285 mpe
476 3222 494 3262 ps
503 3221 524 3262 a
534 3212 575 3262 Μ
585 3222 602 3262 p·
610 3203 624 3264 ἰ
633 3204 647 3264 3'
654 3225 669 3262 :·
933 3185 977 3246 mi
992 3177 1497 3269 lnwripll·2EBAZTHNssNs
1511 3188 1679 3252 ΤΕΚΤΟ·

931 3282 1136 3363 ΣΑΓΩΝ.,
1163 3308 1258 3371 quam
1278 3309 1439 3353 marmora
1457 3289 1540 3373 apud
1560 3289 1678 3354 Grute-

191 3389 225 3450 Δ
239 3389 396 3472 Poppaea
411 3405 514 3474 upquo
531 3384 571 3449 ad
589 3386 716 3453 Getams
933 3409 1026 3465 rum,
1047 3387 1280 3468 Muratorium,
1302 3391 1598 3455 montfauconium
1631 3391 1675 3457 H.

151 3535 167 3554 .
189 3490 402 3580 Epigrupds:
475 3483 659 3554 l'lGCClN.
723 3485 878 3556 necet·
933 3486 1104 3557 BOTAH.
1129 3491 1220 3556 ΚΑΙ.
1249 3491 1289 3558 Ο.
1319 3491 1491 3556 ΔΗΜΟΟ.
1520 3490 1680 3555 celtac-

88 3575 93 3582 '
122 3587 402 3656 soranos.
422 3587 606 3654 anans.
623 3593 657 3654 aa
676 3593 782 3656 namt.
791 3594 876 3678 1³01.
934 3590 1124 3656 aaron.
1145 3590 1483 3658 andronarum

121 3715 230 3780 paese
255 3691 342 3776 apud
355 3691 564 3776 Vsillantium
585 3707 619 3757 et
636 3695 808 3778 Theupali·
824 3717 876 3761 re·
996 3696 1039 3755 sit
1068 3695 1154 3756 enim
1183 3693 1382 3758 Pellerinius
1414 3713 1531 3757 num-os
1563 3713 1679 3758 amnes

120 3817 208 3862 vers
219 3797 450 3860 Pessinuntem
467 3807 577 3874 notet,
599 3796 738 3861 dubitari
759 3800 873 3881 possit,
932 3797 979 3860 sie
998 3797 1182 3880 inscriptos,
1200 3809 1255 3860 eut
1270 3797 1365 3860 etiam
1380 3809 1502 3860 tantum
1518 3793 1679 3860 CGBAC·

120 3899 222 3964 nnlio
240 3911 334 3964 carte
354 3896 451 3982 signo
469 3897 638 3964 diaerfflco
655 3901 689 3963 id
707 3903 873 3978 suadente,
934 3893 1110 3961 ΤΗΝΩΝ
1122 3917 1196 3960 cunr
1209 3893 1522 3962 addito-KOINON.
1534 3891 1678 3960 ΓΑΛΑ-

120 4023 202 4066 naus
231 4015 328 4087 typus
356 4013 408 4064 est
433 4001 521 4065 lotus
542 4001 630 4066 inter
651 4003 730 4067 duaa
751 4003 873 4087 spicas,
932 3995 1051 4064 ΤΩΝ.
1066 3997 1258 4064 tribuendos
1272 4001 1420 4082 Ancyrae
1437 3997 1582 4064 Galatiae
1602 4019 1679 4066 eon·

119 4107 190 4170 nisi
206 4103 296 4168 los-tc
311 4104 399 4166 lotus
414 4103 455 4166 sd
470 4106 707 4189 Harpocratem
727 4107 874 4170 referen-
933 4101 1073 4166 fidenter
1094 4101 1236 4180 adserit,
1258 4123 1354 4188 quam
1375 4103 1408 4163 in
1430 4103 1590 4166 honorem
1612 4107 1678 4166 Au·

121 4209 185 4284 da,
215 4195 459 4290 cujussign'um
482 4207 587 4270 estin
609 4229 709 4272 numo
728 4209 875 4290 Traiani,
934 4205 1019 4289 gusti
1040 4207 1085 4270 eit
1104 4191 1306 4290 permutasse
1329 4217 1422 4270 vetus
1444 4225 1538 4268 suum
1556 4224 1677 4269 nomen

122 4325 159 4374 ct
179 4309 248 4374 alio
269 4309 442 4372 Faustinae
464 4309 532 4391 jun.
554 4309 686 4394 (tatu.)
716 4325 771 4374 sut
798 4331 875 4394 quo·
934 4328 1008 4372 cum
1028 4307 1167 4372 nomine
1184 4309 1355 4384 Sebastos,
1378 4307 1483 4371 seriu's
1506 4321 1612 4370 antem
1635 4307 1676 4369 ad

120 4414 215 4477 aian
243 4409 355 4487 lotus,
383 4431 443 4473 sen
464 4429 547 4493 quae
571 4431 612 4475 ex
634 4412 704 4476 luto
725 4411 877 4476 conficis·
934 4411 1136 4493 primaevum
1170 4410 1318 4493 Ancyrae
1354 4409 1523 4478 redivisse.
1572 4407 1678 4502 Quam

120 4515 262 4588 bantur,
285 4509 383 4576 tibiae
399 4511 655 4576 munumentum·
669 4527 763 4578 erant
780 4515 877 4578 musi·
934 4513 994 4577 ille
1015 4513 1196 4580 doctrinam
1217 4535 1287 4580 non
1305 4518 1425 4591 semel,
1448 4512 1508 4575 sed
1529 4523 1678 4576 constan·

164 4829 196 4898 a)
217 4827 349 4905 Appiau.
365 4823 526 4886 Hannibal.
542 4829 622 4892 esd.
698 4828 733 4902 b)
751 4827 892 4916 Fastlvg
911 4839 970 4902 190.
1046 4829 1076 4900 c)
1096 4827 1127 4884 L.
1138 4827 1173 4887 V.
1191 4829 1214 4898 i.
1226 4834 1270 4888 ‹tt-

1382 4918 1448 4976 Za
