4196 5458
439 538 514 620 oto
781 523 937 602 ttvttt
970 507 1322 600 Ptttttcn‘v'tt
1354 459 1647 604 lvnanatt.

442 689 607 763 conida-id
627 711 958 780 gerasaenorum,
984 707 1123 778 quatuor
1143 714 1186 759 ex
1241 691 1368 757 mannis
1398 693 1489 756 numi
1517 655 1742 758 inscribunlnr.
1783 692 1861 790 Quis
1887 717 1954 764 vero

441 819 556 864 museo
577 799 758 875 Caesareo,
784 793 879 860 bicos
905 816 947 858 ox
969 815 1083 860 museo
1098 798 1186 860 Neu·
1241 795 1372 872 credat,
1396 793 1480 856 intra
1506 813 1625 878 paucae
1648 814 1746 858 anuos
1769 797 1815 860 sic
1834 817 1884 861 eus
1904 800 1953 863 snb

440 902 551 964 manui
579 899 702 982 nostri3
734 918 777 963 ar
807 897 860 961 his
888 895 1002 960 unicus
1032 909 1100 974 est,
1130 897 1190 984 qui
1241 895 1336 959 uulua
1354 895 1498 978 regionis
1520 895 1718 979 principibus
1736 895 1953 982 degenerasse?

440 1003 605 1088 conspirat
624 1021 701 1064 cum
725 1017 825 1064 numo
850 998 884 1060 in
908 997 1017 1062 tabula
1034 997 1187 1082 Bayeria·
1242 997 1363 1062 Habuit
1395 996 1501 1062 vicina
1530 994 1663 1062 Idumen
1692 1011 1726 1062 et
1752 997 1864 1064 Arabia
1893 1022 1955 1068 snas

439 1125 481 1168 na
508 1124 596 1168 num.
618 1103 676 1172 lV.
706 1103 832 1185 posito,
860 1099 982 1186 reliqui
1004 1119 1077 1162 cam
1099 1099 1187 1164 inter
1242 1099 1377 1184 regular
1399 1099 1449 1162 sui
1470 1119 1532 1184 per
1551 1100 1722 1164 intervalla
1743 1101 1822 1182 juris
1841 1113 1872 1164 et
1889 1104 1955 1168 ritae

440 1227 496 1283 se,
522 1221 590 1272 tam
610 1205 651 1270 ab
674 1201 823 1268 omnibns
849 1200 896 1264 ibi
920 1201 1094 1286 propositis
1122 1201 1187 1264 dis·
1242 1201 1380 1278 Iudaici,
1408 1199 1641 1264 nonnullorum
1668 1202 1765 1265 etiam
1791 1215 1891 1268 cenot
1912 1204 1956 1268 ba·

440 1321 588 1391 crepant.
628 1305 719 1370 idem
742 1303 929 1370 observavit
956 1304 988 1366 iu
1018 1303 1124 1366 narnis
1146 1301 1187 1366 si·
1244 1303 1358 1368 bemus
1386 1323 1511 1368 numos.
1555 1300 1636 1394 Quia
1664 1324 1787 1388 negare
1811 1307 1900 1382 ausit,
1924 1308 1954 1370 ab

439 1411 572 1472 milibus
599 1407 705 1472 musei
728 1405 923 1472 Hunteriaci
946 1403 1119 1482 Vibidius,
1150 1419 1186 1468 ut
1243 1407 1360 1470 borum
1376 1405 1527 1489 quopiam
1541 1407 1758 1470 monetarium
1779 1407 1845 1474 sibi,
1856 1409 1899 1490 jus
1914 1409 1956 1471 ad-

439 1489 516 1595 ipso,
548 1509 582 1572 in
621 1509 761 1594 epistula
802 1505 844 1572 ad
881 1507 1054 1590 Bayerinm
1095 1507 1185 1584 data,
1242 1521 1379 1590 rogante
1408 1507 1468 1570 hos
1498 1507 1640 1589 signatos
1668 1529 1786 1572 numos
1811 1509 1955 1593 inscriptos

440 1613 602 1698 hujusque
633 1611 728 1694 operi
758 1607 800 1674 ad
829 1609 953 1673 calcem
985 1609 1109 1692 adjecta
1138 1621 1186 1672 te·
1243 1609 1374 1694 quidem
1395 1606 1500 1670 literis
1521 1608 1717 1686 Hebraicis,
1741 1609 1798 1674 sed
1818 1629 1891 1694 quas
1907 1630 1955 1696 pro

440 1727 554 1778 autur.
595 1713 649 1776 An
671 1733 752 1796 ergo
774 1708 998 1788 admittemus,
1027 1709 1187 1794 principis
1241 1710 1387 1793 regionis
1406 1707 1592 1772 diversitate
1611 1711 1797 1776 variabant?
1824 1713 1864 1776 Et
1885 1711 1954 1778 forts

440 1814 586 1900 Hyrcani
602 1833 723 1878 nomen
737 1813 770 1875 in
788 1813 894 1874 numia
914 1832 980 1875 uuo
1000 1810 1184 1897 codemque
1241 1823 1308 1876 tota
1325 1811 1477 1876 similium
1492 1831 1664 1876 numerum
1678 1813 1869 1898 epigraphe,
1880 1835 1955 1900 quau

439 1933 591 2000 tempore
616 1916 702 1980 cusis
728 1927 775 1978 tot
800 1915 980 1978 formarum
1005 1912 1106 1976 suisne
1131 1933 1188 1998 pa·
1242 1913 1393 1978 adhibitis
1432 1915 1601 1979 tormentis
1641 1916 1799 1999 principis
1833 1915 1953 1998 jubemus

439 2019 547 2084 sionei
585 2015 684 2110 Quod
705 2016 733 2080 si
754 2017 825 2100 quis
848 2016 938 2082 valet
965 2015 1186 2094 contendere,
1241 2037 1362 2080 nomen
1383 2014 1546 2099 profiteri,
1576 2016 1665 2080 aliud
1695 2037 1763 2080 uon
1791 2031 1854 2096 cst,
1879 2040 1954 2103 quam

441 2120 701 2206 quotiescunque
728 2137 842 2184 tersus
861 2115 959 2201 primi
979 2118 1186 2186 characteres
1206 2199 1211 2210 Ι
1242 2115 1503 2200 sacra'quaedam
1525 2118 1709 2198 sententis,
1735 2119 1900 2202 cujusmodi
1916 2140 1954 2182 ss·

439 2223 584 2298 vadant,
612 2220 711 2284 toties
737 2219 834 2282 alium
860 2218 1041 2303 principem
1066 2217 1187 2282 iutelli-
1241 2223 1309 2284 rius
1344 2220 1487 2284 Arabum
1521 2233 1653 2284 maneta
1690 2240 1735 2284 ex
1766 2219 1884 2287 tiaram
1913 2220 1956 2287 ds·

440 2324 602 2412 gendum,
622 2341 684 2386 nae
704 2320 733 2384 is
754 2321 870 2385 saltem
887 2335 963 2386 octo
979 2321 1085 2384 varios
1098 2319 1186 2404 prin·
1241 2336 1422 2407 promptam
1447 2321 1533 2385 uolet
1557 2334 1736 2386 ostentare.
1776 2323 1828 2388 Sic
1848 2335 1878 2390 st
1899 2341 1954 2386 sau·

440 2427 532 2512 cipes
552 2423 742 2501 counitum,
768 2444 843 2487 nam
868 2423 949 2486 mibi
970 2421 1086 2486 aaltem
1111 2436 1186 2487 octo
1242 2425 1375 2488 tentiam
1405 2423 1543 2486 includit
1572 2425 1786 2510 famigeratns
1808 2425 1861 2490 ille
1883 2423 1955 2488 Sido·

439 2529 474 2590 id
502 2547 606 2612 genus
632 2527 723 2590 numi
749 2537 824 2590 suut
846 2523 985 2609 cogniti,
1014 2524 1049 2586 in
1070 2523 1187 2608 quibus
1242 2525 1370 2590 nicrum
1391 2545 1507 2590 numus
1523 2547 1543 2590 a
1558 2527 1653 2590 uobis
1670 2528 1707 2590 in
1726 2524 1954 2590 numisl’baeni·

439 2632 464 2692 ii
485 2631 693 2694 characteres
713 2641 803 2704 toto,
824 2641 860 2690 nt
881 2627 990 2708 sjnnt,
1013 2625 1110 2688 coelo
1126 2623 1189 2688 ‹ltf-
1243 2629 1302 2693 ciis
1323 2629 1486 2714 prolatus,
1517 2641 1551 2692 et
1571 2630 1769 2692 seutentiam
1790 2627 1891 2694 videre
1908 2627 1954 2690 sibi

437 2727 568 2808 ierunt,
592 2741 627 2793 et
650 2748 691 2792 ex
715 2727 831 2814 quibus
852 2747 960 2814 nequa
983 2727 1185 2798 lonutbanim
1244 2731 1330 2796 risus
1357 2733 1407 2794 est
1430 2729 1630 2794 Pellerinius
1658 2732 1695 2793 irs
1722 2751 1819 2794 numo
1845 2729 1955 2813 bilingui

437 2851 547 2916 nequa
586 2828 738 2892 lobannis
775 2847 896 2892 nomen
935 2842 1185 2914 quantocunque
1241 2833 1415 2914 Antigoni,
1445 2852 1543 2916 quem
1570 2833 1654 2896 iufra
1681 2853 1869 2918 proponam..
1898 2831 1955 2892 Nou

353 2959 359 2966 ·
439 2944 558 2997 conatu
594 2930 715 2994 elicias.
760 2929 866 2993 Satius
902 2929 1025 3014 igitur,
1065 2929 1185 2994 borum
1242 2933 1556 3011 reminiscimus,
1588 2935 1790 3019 singularem
1809 2932 1882 2996 hauc
1900 2930 1954 3012 ejus

438 3054 577 3100 examen
604 3051 779 3095 nemorum
808 3031 965 3096 hactenus
993 3031 1184 3097 intentatum
1242 3036 1429 3119 opinionem
1455 3036 1557 3114 tueri,
1576 3035 1636 3119 'ajo
1659 3049 1799 3112 mutum,
1823 3033 1954 3098 ditersmn
2056 3087 2057 3102 t

438 3137 648 3222 relinquere,
684 3145 739 3196 aut
769 3129 883 3198 saltem
913 3153 980 3197 non
1010 3154 1186 3220 magnope-
1241 3157 1315 3201 esse
1332 3139 1429 3220 posse
1446 3137 1561 3202 harum
1581 3137 1828 3222 inscriptionum
1842 3136 1955 3219 explica·

438 3259 477 3303 re
500 3237 551 3300 illi
573 3232 757 3310 immorari}
783 3233 871 3319 qnod
893 3249 967 3319 post
991 3257 1126 3321 magnos
1150 3250 1185 3302 at
1241 3240 1381 3317 tionem,
1413 3253 1448 3304 et
1468 3239 1557 3304 forte
1578 3259 1669 3318 eam,
1702 3260 1798 3325 qnam
1820 3238 1876 3306 siri
1898 3257 1954 3300 arn·
2056 3249 2057 3258 ’

387 3403 392 3410 ,
437 3339 545 3403 hiatus
574 3351 610 3403 et
635 3348 769 3404 conatus
799 3335 834 3396 in
862 3339 1066 3421 conjecturas
1093 3335 1185 3401 deui-
1240 3342 1300 3404 diti
1313 3343 1469 3406 hactenus
1484 3363 1521 3406 sa
1532 3341 1701 3426 reperisse
1716 3339 1892 3416 credidere,
1902 3335 1955 3416 ies·

439 3459 504 3528 qua
524 3461 640 3526 parum
665 3435 827 3524 proficuas
853 3435 1041 3504 desinimus.
1079 3439 1184 3502 Nimis
1241 3463 1297 3505 scas
1317 3441 1386 3506 ὅσοι
1406 3441 1535 3509 iullsra.
1568 3444 1707 3508 Scilicet
1727 3455 1763 3505 nt
1783 3461 1887 3508 eorum
1904 3457 1954 3520 sgr

439 3546 472 3606 in
490 3543 550 3608 illo
566 3541 666 3606 multa
685 3557 896 3632 progressum
919 3537 1087 3602 difficilem
1107 3537 1184 3604 rad·
1240 3543 1411 3608 consilium
1439 3544 1557 3626 laudo,
1592 3544 1783 3630 proboque,
1810 3543 1861 3630 qui
1890 3540 1955 3624 ejus
2056 3523 2057 3614 f

438 3646 535 3722 dunt,
562 3639 756 3728 imperfecta
779 3637 908 3723 linguae
935 3641 1083 3719 scientia,
1109 3641 1184 3706 cha·
1239 3645 1370 3711 cenandi
1398 3667 1514 3712 numos
1537 3661 1649 3712 curata
1675 3646 1852 3730 descriptos
1873 3643 1902 3704 iu
1918 3641 1955 3704 it-

441 3759 588 3811 ractores
611 3743 729 3828 partim
750 3740 873 3825 ignoti,
896 3743 1013 3826 partim
1034 3743 1069 3804 in
1090 3743 1183 3808 exili·
1240 3765 1313 3812 cam
1346 3747 1465 3828 edunt,
1501 3763 1536 3813 et
1569 3751 1767 3834 conjecturis
1799 3745 1897 3812 sobria
1925 3759 1954 3804 at

437 3849 499 3912 bus
520 3847 572 3910 his
593 3843 699 3908 numia
721 3843 814 3938 mala!
826 3843 989 3926 expressi,
1011 3849 1066 3907 aut
1084 3844 1182 3908 etiam
1238 3869 1338 3933 parce
1357 3851 1538 3929 illustrant,
1560 3851 1608 3915 sic
1628 3851 1732 3914 nolim
1750 3870 1859 3914 eorum
1879 3841 1953 3928 aequi

438 3947 549 4024 exesi,
572 3947 685 4030 plures
706 3957 843 4029 propter
863 3947 1029 4009 raritatem
1050 3958 1183 4012 conten·
1238 3951 1437 4030 institutum,
1467 3973 1549 4038 quos
1576 3953 1612 4016 in
1637 3954 1678 4016 iis
1706 3946 1894 4034 explicandis
1911 3963 1953 4006 to·

438 4047 538 4113 dandi
559 4045 751 4122 difficultas,
784 4045 927 4130 denique
950 4048 1180 4112 historicorum
1236 4053 1347 4136 piosos
1383 4068 1418 4120 et
1454 4053 1592 4120 obnixos
1627 4053 1744 4132 tideo,
1780 4047 1951 4137 non'mnlto

439 4150 510 4232 ejus
546 4161 667 4211 tractus
704 4147 823 4230 inopia.
866 4147 955 4240 Quid
992 4149 1021 4212 si
1056 4167 1179 4234 negare
1235 4153 1392 4220 hactenus
1410 4156 1542 4222 felicius
1562 4157 1724 4222 collocata
1743 4175 1857 4237 opera,
1878 4164 1953 4233 qum

437 4249 714 4342 vellemunumos
734 4249 794 4311 hos
817 4269 891 4314 esse
913 4249 1094 4336 principum
1117 4252 1181 4315 Ha·
1235 4257 1298 4320 fuit
1319 4257 1359 4322 ab
1378 4259 1436 4335 iia,
1461 4257 1574 4343 quiin
1596 4258 1692 4322 situm
1713 4253 1953 4342 pandatione

439 4343 803 4434 samouaeorum,'qnis
825 4353 947 4433 poterit
966 4373 1019 4416 me
1039 4351 1114 4418 falsi
1131 4375 1181 4418 ar·
1237 4357 1314 4420 stris
1348 4359 1562 4444 inquisivere.
1604 4362 1640 4422 ln
1668 4361 1720 4422 laia
1750 4377 1824 4420 cam
1849 4371 1951 4420 amem·

439 4451 566 4530 gnere?
597 4453 664 4514 lam
686 4450 773 4512 istud
792 4451 881 4516 iuter
902 4473 1015 4518 omnes
1036 4469 1178 4532 certum,
1235 4458 1322 4524 forte
1348 4460 1480 4526 fortuna
1503 4461 1538 4523 in
1560 4459 1781 4542 Barthelemyi
1806 4453 1952 4541 epistolam

438 4550 556 4616 horum
581 4551 736 4622 vocabula
761 4573 934 4618 nemorum
963 4557 1115 4639 componi
1141 4555 1179 4619 li·
1235 4560 1276 4624 ad
1313 4563 1488 4646 Bayerium
1526 4561 1632 4628 datam
1669 4561 1790 4638 incidi,
1833 4559 1866 4618 in
1901 4571 1951 4634 qut

438 4651 536 4728 teris,
565 4671 701 4736 quarum
726 4655 912 4740 complures
934 4655 994 4722 alia
1017 4669 1092 4721 suut
1111 4655 1179 4722 far·
1235 4683 1378 4728 summus
1394 4664 1449 4728 hic
1469 4663 1537 4743 vir,
1555 4679 1590 4730 et
1605 4666 1640 4730 in
1653 4665 1712 4728 buc
1729 4681 1824 4727 arana
1838 4649 1951 4736 insignis

440 4767 506 4827 ms
529 4767 623 4832 qnam
644 4773 706 4838 qua
730 4771 805 4824 suut
828 4759 875 4862 ii,⁴
893 4757 1010 4846 quibus
1026 4759 1111 4826 certi
1127 4759 1178 4826 Si·
1234 4785 1315 4852 pras
1353 4764 1425 4832 aliis
1462 4765 1567 4834 famae
1610 4764 1747 4834 candide
1787 4757 1951 4850 prnfioetnn
