<?xml version="1.0" encoding="UTF-8"?>
<!DOCTYPE html PUBLIC "-//W3C//DTD XHTML 1.0 Transitional//EN"
    "http://www.w3.org/TR/xhtml1/DTD/xhtml1-transitional.dtd">
<html xmlns="http://www.w3.org/1999/xhtml" xml:lang="en" lang="en">
 <head>
  <title>
</title>
<meta http-equiv="Content-Type" content="text/html;charset=utf-8" />
  <meta name='ocr-system' content='tesseract 3.04.00' />
  <meta name='ocr-capabilities' content='ocr_page ocr_carea ocr_par ocr_line ocrx_word'/>
</head>
<body>
  <div class='ocr_page' id='page_1' title='image "./doctrinanumorum02hohlgoog/doctrinanumorum02hohlgoog_0228.png"; bbox 0 0 4160 5454; ppageno 0'>
   <div class='ocr_carea' id='block_1_1' title="bbox 1162 329 1184 372">
    <p class='ocr_par' dir='ltr' id='par_1_1' title="bbox 1162 329 1184 372">
     <span class='ocr_line' id='line_1_1' title="bbox 1162 329 1184 372; baseline 0 -10"><span class='ocrx_word' id='word_1_1' title='bbox 1162 329 1184 372; x_wconf 63' lang='lat' dir='ltr'><strong><em>p</em></strong></span> 
     </span>
    </p>
   </div>
   <div class='ocr_carea' id='block_1_2' title="bbox 630 523 1676 640">
    <p class='ocr_par' dir='ltr' id='par_1_2' title="bbox 630 523 1676 640">
     <span class='ocr_line' id='line_1_2' title="bbox 630 523 1676 640; baseline -0.003 -33"><span class='ocrx_word' id='word_1_2' title='bbox 630 535 821 611; x_wconf 77' lang='lat' dir='ltr'>REGES</span> <span class='ocrx_word' id='word_1_3' title='bbox 855 535 1079 636; x_wconf 70' lang='lat' dir='ltr'><strong>sumtu,</strong></span> <span class='ocrx_word' id='word_1_4' title='bbox 1182 634 1185 640; x_wconf 70' lang='lat'><strong>,</strong></span> <span class='ocrx_word' id='word_1_5' title='bbox 1557 555 1630 622; x_wconf 80' lang='lat'><strong>215</strong></span> <span class='ocrx_word' id='word_1_6' title='bbox 1673 523 1676 530; x_wconf 80' lang='grc'>’</span> 
     </span>
    </p>
   </div>
   <div class='ocr_carea' id='block_1_3' title="bbox 106 703 1632 1711">
    <p class='ocr_par' dir='ltr' id='par_1_3' title="bbox 106 703 1632 1711">
     <span class='ocr_line' id='line_1_3' title="bbox 110 703 1630 805; baseline -0.003 -29"><span class='ocrx_word' id='word_1_7' title='bbox 110 728 228 799; x_wconf 84' lang='lat' dir='ltr'><strong>querunt</strong></span> <span class='ocrx_word' id='word_1_8' title='bbox 242 705 349 790; x_wconf 72' lang='lat' dir='ltr'><strong>&#39;capite</strong></span> <span class='ocrx_word' id='word_1_9' title='bbox 367 729 386 770; x_wconf 89' lang='lat' dir='ltr'><strong>a</strong></span> <span class='ocrx_word' id='word_1_10' title='bbox 401 705 507 770; x_wconf 85' lang='lat' dir='ltr'><strong>citatio</strong></span> <span class='ocrx_word' id='word_1_11' title='bbox 526 703 681 769; x_wconf 77' lang='lat' dir='ltr'><strong>Antiochi</strong></span> <span class='ocrx_word' id='word_1_12' title='bbox 698 707 723 768; x_wconf 91' lang='lat' dir='ltr'><strong>t.</strong></span> <span class='ocrx_word' id='word_1_13' title='bbox 740 703 830 769; x_wconf 83' lang='lat' dir='ltr'><strong>et&#39;ll.</strong></span> <span class='ocrx_word' id='word_1_14' title='bbox 873 707 1074 805; x_wconf 81' lang='lat' dir='ltr'><strong>munionem</strong></span> <span class='ocrx_word' id='word_1_15' title='bbox 1103 721 1264 776; x_wconf 77' lang='lat' dir='ltr'><strong>vocatum.</strong></span> <span class='ocrx_word' id='word_1_16' title='bbox 1300 711 1428 774; x_wconf 82' lang='lat' dir='ltr'><strong>Incerta</strong></span> <span class='ocrx_word' id='word_1_17' title='bbox 1447 709 1565 774; x_wconf 83' lang='lat' dir='ltr'><strong>&#39;omnin</strong></span> <span class='ocrx_word' id='word_1_18' title='bbox 1596 722 1630 772; x_wconf 89' lang='lat' dir='ltr'><strong>et</strong></span> 
     </span>
     <span class='ocr_line' id='line_1_4' title="bbox 109 807 1049 896; baseline 0.004 -24"><span class='ocrx_word' id='word_1_19' title='bbox 109 813 194 896; x_wconf 78' lang='lat' dir='ltr'><strong>mugit</strong></span> <span class='ocrx_word' id='word_1_20' title='bbox 220 807 384 873; x_wconf 83' lang='lat' dir='ltr'><strong>abludunt.</strong></span> <span class='ocrx_word' id='word_1_21' title='bbox 425 807 469 870; x_wconf 90' lang='lat' dir='ltr'><strong>At</strong></span> <span class='ocrx_word' id='word_1_22' title='bbox 495 808 684 871; x_wconf 82' lang='lat' dir='ltr'><strong>necearario</strong></span> <span class='ocrx_word' id='word_1_23' title='bbox 704 810 831 872; x_wconf 75' lang='lat' dir='ltr'><strong>retium</strong></span> <span class='ocrx_word' id='word_1_24' title='bbox 887 809 1049 896; x_wconf 76' lang='lat' dir='ltr'><strong>ambigua.</strong></span> 
     </span>
     <span class='ocr_line' id='line_1_5' title="bbox 110 903 1629 998; baseline 0.002 -24"><span class='ocrx_word' id='word_1_25' title='bbox 110 917 166 996; x_wconf 81' lang='lat' dir='ltr'><strong>ejm</strong></span> <span class='ocrx_word' id='word_1_26' title='bbox 174 929 247 974; x_wconf 77' lang='lat' dir='ltr'><strong>erte</strong></span> <span class='ocrx_word' id='word_1_27' title='bbox 261 911 387 976; x_wconf 80' lang='lat' dir='ltr'><strong>tultum</strong></span> <span class='ocrx_word' id='word_1_28' title='bbox 405 923 559 994; x_wconf 84' lang='lat' dir='ltr'><strong>oportere</strong></span> <span class='ocrx_word' id='word_1_29' title='bbox 568 912 581 986; x_wconf 88' lang='lat'><strong>,&#39;</strong></span> <span class='ocrx_word' id='word_1_30' title='bbox 594 929 669 971; x_wconf 85' lang='lat' dir='ltr'><strong>cum</strong></span> <span class='ocrx_word' id='word_1_31' title='bbox 689 909 729 972; x_wconf 87' lang='lat' dir='ltr'><strong>ab</strong></span> <span class='ocrx_word' id='word_1_32' title='bbox 744 909 830 974; x_wconf 84' lang='lat' dir='ltr'><strong>atino</strong></span> <span class='ocrx_word' id='word_1_33' title='bbox 950 914 1024 975; x_wconf 88' lang='lat' dir='ltr'><strong>Non</strong></span> <span class='ocrx_word' id='word_1_34' title='bbox 1047 913 1075 974; x_wconf 86' lang='lat' dir='ltr'><strong>ie</strong></span> <span class='ocrx_word' id='word_1_35' title='bbox 1099 933 1170 974; x_wconf 84' lang='lat' dir='ltr'><strong>eum</strong></span> <span class='ocrx_word' id='word_1_36' title='bbox 1196 931 1277 998; x_wconf 81' lang='lat' dir='ltr'><strong>ego,</strong></span> <span class='ocrx_word' id='word_1_37' title='bbox 1304 912 1360 997; x_wconf 91' lang='lat' dir='ltr'><strong>qui</strong></span> <span class='ocrx_word' id='word_1_38' title='bbox 1378 934 1528 997; x_wconf 77' lang='lat' dir='ltr'>sperem,</span> <span class='ocrx_word' id='word_1_39' title='bbox 1554 903 1629 998; x_wconf 78' lang='lat' dir='ltr'><strong>poet</strong></span> 
     </span>
     <span class='ocr_line' id='line_1_6' title="bbox 108 1012 1632 1101; baseline 0.002 -25"><span class='ocrx_word' id='word_1_40' title='bbox 108 1014 202 1080; x_wconf 73' lang='lat' dir='ltr'><strong>mutio</strong></span> <span class='ocrx_word' id='word_1_41' title='bbox 215 1012 286 1083; x_wconf 78' lang='lat' dir='ltr'><strong>XV.</strong></span> <span class='ocrx_word' id='word_1_42' title='bbox 303 1031 447 1095; x_wconf 75' lang='lat' dir='ltr'><strong>regnate</strong></span> <span class='ocrx_word' id='word_1_43' title='bbox 464 1031 638 1096; x_wconf 76' lang='lat' dir='ltr'><strong>eggreeout</strong></span> <span class='ocrx_word' id='word_1_44' title='bbox 659 1012 692 1074; x_wconf 92' lang='lat' dir='ltr'><strong>in</strong></span> <span class='ocrx_word' id='word_1_45' title='bbox 711 1033 830 1101; x_wconf 87' lang='lat' dir='ltr'><strong>annum</strong></span> <span class='ocrx_word' id='word_1_46' title='bbox 885 1027 1048 1078; x_wconf 83' lang='lat' dir='ltr'><strong>tantorum</strong></span> <span class='ocrx_word' id='word_1_47' title='bbox 1066 1013 1211 1078; x_wconf 84' lang='lat' dir='ltr'><strong>virorum</strong></span> <span class='ocrx_word' id='word_1_48' title='bbox 1230 1030 1363 1076; x_wconf 79' lang='lat' dir='ltr'><strong>conatur</strong></span> <span class='ocrx_word' id='word_1_49' title='bbox 1379 1035 1445 1077; x_wconf 89' lang='lat' dir='ltr'><strong>non</strong></span> <span class='ocrx_word' id='word_1_50' title='bbox 1463 1017 1539 1078; x_wconf 77' lang='lat' dir='ltr'><strong>satia</strong></span> <span class='ocrx_word' id='word_1_51' title='bbox 1555 1020 1632 1099; x_wconf 71' lang='lat' dir='ltr'><strong>pro*-</strong></span> 
     </span>
     <span class='ocr_line' id='line_1_7' title="bbox 107 1113 1630 1201; baseline 0.003 -25"><span class='ocrx_word' id='word_1_52' title='bbox 107 1115 165 1182; x_wconf 68' lang='lat' dir='ltr'><strong>tu</strong></span> <span class='ocrx_word' id='word_1_53' title='bbox 179 1113 353 1178; x_wconf 71' lang='lat' dir='ltr'>duraverit.</span> <span class='ocrx_word' id='word_1_54' title='bbox 886 1133 1001 1200; x_wconf 74' lang='lat' dir='ltr'><strong>operor</strong></span> <span class='ocrx_word' id='word_1_55' title='bbox 1015 1118 1228 1200; x_wconf 75' lang='lat' dir='ltr'><strong>opportunius</strong></span> <span class='ocrx_word' id='word_1_56' title='bbox 1243 1116 1363 1200; x_wconf 81' lang='lat' dir='ltr'><strong>aliquid</strong></span> <span class='ocrx_word' id='word_1_57' title='bbox 1377 1138 1473 1201; x_wconf 79' lang='lat' dir='ltr'><strong>posse</strong></span> <span class='ocrx_word' id='word_1_58' title='bbox 1487 1116 1630 1182; x_wconf 79' lang='lat' dir='ltr'><strong>adferre.</strong></span> 
     </span>
     <span class='ocr_line' id='line_1_8' title="bbox 157 1213 1632 1306; baseline 0.001 -27"><span class='ocrx_word' id='word_1_59' title='bbox 157 1217 240 1280; x_wconf 78' lang='lat' dir='ltr'><strong>liceo</strong></span> <span class='ocrx_word' id='word_1_60' title='bbox 270 1215 484 1278; x_wconf 86' lang='lat' dir='ltr'><strong>Pelleriniut.</strong></span> <span class='ocrx_word' id='word_1_61' title='bbox 536 1213 662 1306; x_wconf 72' lang='lat' dir='ltr'><strong>Quibus</strong></span> <span class='ocrx_word' id='word_1_62' title='bbox 700 1215 833 1300; x_wconf 78' lang='lat' dir='ltr'><strong>judiciio‘</strong></span> <span class='ocrx_word' id='word_1_63' title='bbox 885 1217 1028 1282; x_wconf 77' lang='lat' dir='ltr'><strong>Meliore</strong></span> <span class='ocrx_word' id='word_1_64' title='bbox 1052 1235 1134 1301; x_wconf 78' lang='lat' dir='ltr'><strong>ergo</strong></span> <span class='ocrx_word' id='word_1_65' title='bbox 1155 1218 1292 1282; x_wconf 84' lang='lat' dir='ltr'><strong>coneilio</strong></span> <span class='ocrx_word' id='word_1_66' title='bbox 1313 1239 1385 1282; x_wconf 86' lang='lat' dir='ltr'><strong>rent</strong></span> <span class='ocrx_word' id='word_1_67' title='bbox 1408 1219 1559 1282; x_wconf 82' lang='lat' dir='ltr'><strong>intactam</strong></span> <span class='ocrx_word' id='word_1_68' title='bbox 1579 1226 1632 1282; x_wconf 85' lang='lat' dir='ltr'><strong>re&#39;-</strong></span> 
     </span>
     <span class='ocr_line' id='line_1_9' title="bbox 106 1307 1629 1405; baseline 0.001 -23"><span class='ocrx_word' id='word_1_69' title='bbox 106 1341 161 1382; x_wconf 90' lang='lat' dir='ltr'><strong>uon</strong></span> <span class='ocrx_word' id='word_1_70' title='bbox 179 1336 251 1380; x_wconf 82' lang='lat' dir='ltr'><strong>tane</strong></span> <span class='ocrx_word' id='word_1_71' title='bbox 274 1315 404 1400; x_wconf 74' lang='lat' dir='ltr'><strong>ignavie</strong></span> <span class='ocrx_word' id='word_1_72' title='bbox 431 1331 540 1380; x_wconf 88' lang='lat' dir='ltr'><strong>utrum</strong></span> <span class='ocrx_word' id='word_1_73' title='bbox 561 1337 676 1380; x_wconf 80' lang='lat' dir='ltr'><strong>caueae</strong></span> <span class='ocrx_word' id='word_1_74' title='bbox 698 1336 831 1402; x_wconf 70' lang='lat' dir='ltr'><strong>magno⁴</strong></span> <span class='ocrx_word' id='word_1_75' title='bbox 886 1319 1016 1405; x_wconf 73' lang='lat' dir='ltr'><strong>linquo,</strong></span> <span class='ocrx_word' id='word_1_76' title='bbox 1041 1319 1076 1380; x_wconf 86' lang='lat' dir='ltr'><strong>in</strong></span> <span class='ocrx_word' id='word_1_77' title='bbox 1097 1307 1323 1384; x_wconf 73' lang='lat' dir='ltr'><strong>describendis</strong></span> <span class='ocrx_word' id='word_1_78' title='bbox 1349 1341 1430 1382; x_wconf 81' lang='lat' dir='ltr'><strong>vero</strong></span> <span class='ocrx_word' id='word_1_79' title='bbox 1453 1321 1559 1382; x_wconf 80' lang='lat' dir='ltr'><strong>numia</strong></span> <span class='ocrx_word' id='word_1_80' title='bbox 1582 1321 1629 1384; x_wconf 80' lang='lat' dir='ltr'><strong>ric</strong></span> 
     </span>
     <span class='ocr_line' id='line_1_10' title="bbox 107 1418 1629 1508; baseline -0.001 -23"><span class='ocrx_word' id='word_1_81' title='bbox 107 1440 174 1508; x_wconf 81' lang='lat' dir='ltr'><strong>pere</strong></span> <span class='ocrx_word' id='word_1_82' title='bbox 204 1419 425 1495; x_wconf 77' lang='lat' dir='ltr'><strong>consuluerit,</strong></span> <span class='ocrx_word' id='word_1_83' title='bbox 462 1421 591 1502; x_wconf 81' lang='lat' dir='ltr'><strong>ignoro.</strong></span> <span class='ocrx_word' id='word_1_84' title='bbox 634 1418 688 1480; x_wconf 83' lang='lat' dir='ltr'><strong>Ad</strong></span> <span class='ocrx_word' id='word_1_85' title='bbox 719 1420 831 1482; x_wconf 91' lang='lat' dir='ltr'><strong>Antio·</strong></span> <span class='ocrx_word' id='word_1_86' title='bbox 887 1419 1061 1498; x_wconf 75' lang='lat' dir='ltr'><strong>ueraebor,</strong></span> <span class='ocrx_word' id='word_1_87' title='bbox 1076 1434 1112 1484; x_wconf 83' lang='lat' dir='ltr'><strong>ut</strong></span> <span class='ocrx_word' id='word_1_88' title='bbox 1129 1423 1162 1484; x_wconf 89' lang='lat' dir='ltr'><strong>in</strong></span> <span class='ocrx_word' id='word_1_89' title='bbox 1180 1422 1231 1500; x_wconf 81' lang='lat' dir='ltr'><strong>iia,</strong></span> <span class='ocrx_word' id='word_1_90' title='bbox 1247 1422 1302 1507; x_wconf 90' lang='lat' dir='ltr'><strong>qni</strong></span> <span class='ocrx_word' id='word_1_91' title='bbox 1318 1421 1410 1483; x_wconf 91' lang='lat' dir='ltr'><strong>dubii</strong></span> <span class='ocrx_word' id='word_1_92' title='bbox 1423 1421 1629 1498; x_wconf 87' lang='lat' dir='ltr'><strong>videbuntur,</strong></span> 
     </span>
     <span class='ocr_line' id='line_1_11' title="bbox 107 1521 1632 1609; baseline -0.001 -21"><span class='ocrx_word' id='word_1_93' title='bbox 107 1527 188 1588; x_wconf 81' lang='lat' dir='ltr'><strong>chrm</strong></span> <span class='ocrx_word' id='word_1_94' title='bbox 206 1521 333 1605; x_wconf 76' lang='lat' dir='ltr'><strong>Lquod</strong></span> <span class='ocrx_word' id='word_1_95' title='bbox 362 1523 493 1597; x_wconf 84' lang='lat' dir='ltr'><strong>attinet,</strong></span> <span class='ocrx_word' id='word_1_96' title='bbox 520 1521 624 1604; x_wconf 80' lang='lat' dir='ltr'><strong>capita</strong></span> <span class='ocrx_word' id='word_1_97' title='bbox 649 1521 704 1585; x_wconf 85' lang='lat' dir='ltr'><strong>rel</strong></span> <span class='ocrx_word' id='word_1_98' title='bbox 729 1522 763 1582; x_wconf 89' lang='lat' dir='ltr'><strong>in</strong></span> <span class='ocrx_word' id='word_1_99' title='bbox 785 1523 833 1605; x_wconf 62' lang='lat' dir='ltr'><strong>ipa</strong></span> <span class='ocrx_word' id='word_1_100' title='bbox 888 1541 955 1584; x_wconf 90' lang='lat' dir='ltr'><strong>non</strong></span> <span class='ocrx_word' id='word_1_101' title='bbox 972 1541 1077 1585; x_wconf 75' lang='lat' dir='ltr'><strong>meam</strong></span> <span class='ocrx_word' id='word_1_102' title='bbox 1093 1525 1212 1608; x_wconf 80' lang='lat' dir='ltr'><strong>magio,</strong></span> <span class='ocrx_word' id='word_1_103' title='bbox 1234 1545 1329 1609; x_wconf 82' lang='lat' dir='ltr'><strong>quam</strong></span> <span class='ocrx_word' id='word_1_104' title='bbox 1347 1525 1487 1587; x_wconf 86' lang='lat' dir='ltr'><strong>aliorum</strong></span> <span class='ocrx_word' id='word_1_105' title='bbox 1506 1524 1632 1608; x_wconf 87' lang='lat' dir='ltr'><strong>opinio·</strong></span> 
     </span>
     <span class='ocr_line' id='line_1_12' title="bbox 107 1607 1283 1711; baseline 0.002 -21"><span class='ocrx_word' id='word_1_106' title='bbox 107 1626 143 1690; x_wconf 76' lang='lat' dir='ltr'><strong>rit</strong></span> <span class='ocrx_word' id='word_1_107' title='bbox 169 1625 283 1700; x_wconf 80' lang='lat' dir='ltr'><strong>numia,</strong></span> <span class='ocrx_word' id='word_1_108' title='bbox 323 1643 411 1711; x_wconf 82' lang='lat' dir='ltr'><strong>quoe</strong></span> <span class='ocrx_word' id='word_1_109' title='bbox 435 1622 635 1686; x_wconf 84' lang='lat' dir='ltr'><strong>Pelleriniuo</strong></span> <span class='ocrx_word' id='word_1_110' title='bbox 664 1635 699 1685; x_wconf 85' lang='lat' dir='ltr'><strong>et</strong></span> <span class='ocrx_word' id='word_1_111' title='bbox 726 1624 834 1686; x_wconf 80' lang='lat' dir='ltr'><strong>Froli·</strong></span> <span class='ocrx_word' id='word_1_112' title='bbox 888 1607 964 1686; x_wconf 69' lang='lat' dir='ltr'><strong>nem</strong></span> <span class='ocrx_word' id='word_1_113' title='bbox 982 1630 1129 1687; x_wconf 69' lang='lat' dir='ltr'><strong>secutum</strong></span> <span class='ocrx_word' id='word_1_114' title='bbox 1146 1639 1283 1692; x_wconf 80' lang='lat' dir='ltr'><strong>constet.</strong></span> 
     </span>
    </p>
   </div>
   <div class='ocr_carea' id='block_1_4' title="bbox 108 1717 1749 1814">
    <p class='ocr_par' dir='ltr' id='par_1_4' title="bbox 108 1717 1749 1814">
     <span class='ocr_line' id='line_1_13' title="bbox 108 1717 1749 1814; baseline -0.002 -24"><span class='ocrx_word' id='word_1_115' title='bbox 108 1728 184 1790; x_wconf 76' lang='lat' dir='ltr'><strong>elius</strong></span> <span class='ocrx_word' id='word_1_116' title='bbox 199 1727 300 1808; x_wconf 78' lang='lat' dir='ltr'><strong>pictos</strong></span> <span class='ocrx_word' id='word_1_117' title='bbox 317 1719 605 1806; x_wconf 73' lang='lat' dir='ltr'><strong>offerunt,‘etqni</strong></span> <span class='ocrx_word' id='word_1_118' title='bbox 624 1744 686 1807; x_wconf 83' lang='lat' dir='ltr'><strong>per</strong></span> <span class='ocrx_word' id='word_1_119' title='bbox 704 1725 832 1786; x_wconf 83' lang='lat' dir='ltr'><strong>titulum</strong></span> <span class='ocrx_word' id='word_1_120' title='bbox 952 1727 996 1787; x_wconf 86' lang='lat' dir='ltr'><strong>At</strong></span> <span class='ocrx_word' id='word_1_121' title='bbox 1013 1726 1046 1787; x_wconf 89' lang='lat' dir='ltr'><strong>itt</strong></span> <span class='ocrx_word' id='word_1_122' title='bbox 1063 1728 1188 1805; x_wconf 82' lang='lat' dir='ltr'><strong>nomio,</strong></span> <span class='ocrx_word' id='word_1_123' title='bbox 1212 1729 1247 1790; x_wconf 92' lang='lat' dir='ltr'><strong>in</strong></span> <span class='ocrx_word' id='word_1_124' title='bbox 1264 1729 1379 1814; x_wconf 73' lang='lat' dir='ltr'><strong>quibus</strong></span> <span class='ocrx_word' id='word_1_125' title='bbox 1396 1727 1545 1812; x_wconf 79' lang='lat' dir='ltr'><strong>neregio</strong></span> <span class='ocrx_word' id='word_1_126' title='bbox 1562 1727 1632 1812; x_wconf 86' lang='lat' dir='ltr'><strong>qni·</strong></span> <span class='ocrx_word' id='word_1_127' title='bbox 1742 1717 1749 1728; x_wconf 76' lang='lat'>&#39;</span> 
     </span>
    </p>
   </div>
   <div class='ocr_carea' id='block_1_5' title="bbox 107 1823 1713 4662">
    <p class='ocr_par' dir='ltr' id='par_1_5' title="bbox 108 1823 1636 2726">
     <span class='ocr_line' id='line_1_14' title="bbox 109 1823 1633 1916; baseline 0.002 -28"><span class='ocrx_word' id='word_1_128' title='bbox 109 1823 322 1892; x_wconf 78' lang='grc' dir='ltr'><strong>ΣΩΤΗΡΟΣ</strong></span> <span class='ocrx_word' id='word_1_129' title='bbox 348 1827 445 1908; x_wconf 77' lang='lat' dir='ltr'><strong>hujus</strong></span> <span class='ocrx_word' id='word_1_130' title='bbox 465 1826 619 1890; x_wconf 80' lang='lat' dir='ltr'><strong>Antiochi</strong></span> <span class='ocrx_word' id='word_1_131' title='bbox 637 1839 730 1889; x_wconf 89' lang='lat' dir='ltr'><strong>certo</strong></span> <span class='ocrx_word' id='word_1_132' title='bbox 748 1825 833 1904; x_wconf 77' lang='lat' dir='ltr'><strong>runi,</strong></span> <span class='ocrx_word' id='word_1_133' title='bbox 890 1825 967 1890; x_wconf 90' lang='lat' dir='ltr'><strong>dem</strong></span> <span class='ocrx_word' id='word_1_134' title='bbox 989 1841 1086 1914; x_wconf 85' lang='lat' dir='ltr'><strong>capnt</strong></span> <span class='ocrx_word' id='word_1_135' title='bbox 1109 1841 1228 1905; x_wconf 81' lang='lat' dir='ltr'><strong>exstat,</strong></span> <span class='ocrx_word' id='word_1_136' title='bbox 1258 1845 1292 1893; x_wconf 90' lang='lat' dir='ltr'><strong>et</strong></span> <span class='ocrx_word' id='word_1_137' title='bbox 1309 1851 1401 1916; x_wconf 68' lang='lat' dir='ltr'><strong>¹quoe</strong></span> <span class='ocrx_word' id='word_1_138' title='bbox 1423 1851 1484 1914; x_wconf 86' lang='lat' dir='ltr'><strong>per</strong></span> <span class='ocrx_word' id='word_1_139' title='bbox 1506 1831 1633 1914; x_wconf 78' lang='lat' dir='ltr'><strong>epigra-</strong></span> 
     </span>
     <span class='ocr_line' id='line_1_15' title="bbox 109 1923 1633 2014; baseline 0 -22"><span class='ocrx_word' id='word_1_140' title='bbox 109 1949 164 1992; x_wconf 84' lang='lat' dir='ltr'><strong>nou</strong></span> <span class='ocrx_word' id='word_1_141' title='bbox 193 1949 303 2014; x_wconf 81' lang='lat' dir='ltr'><strong>parunt</strong></span> <span class='ocrx_word' id='word_1_142' title='bbox 342 1927 512 1992; x_wconf 73' lang='lat' dir='ltr'><strong>dissident.</strong></span> <span class='ocrx_word' id='word_1_143' title='bbox 562 1928 703 1992; x_wconf 78' lang='lat' dir='ltr'><strong>Fallitur</strong></span> <span class='ocrx_word' id='word_1_144' title='bbox 731 1947 834 2005; x_wconf 83' lang='lat' dir='ltr'><strong>vero,</strong></span> <span class='ocrx_word' id='word_1_145' title='bbox 891 1923 1534 2013; x_wconf 69' lang='lat' dir='ltr'><strong>phanssaztAEst2.ttNT10x0T.</strong></span> <span class='ocrx_word' id='word_1_146' title='bbox 1556 1952 1633 1995; x_wconf 88' lang='lat' dir='ltr'><strong>oon·</strong></span> 
     </span>
     <span class='ocr_line' id='line_1_16' title="bbox 109 2025 1635 2116; baseline -0.001 -18"><span class='ocrx_word' id='word_1_147' title='bbox 109 2053 169 2098; x_wconf 84' lang='lat' dir='ltr'><strong>cum</strong></span> <span class='ocrx_word' id='word_1_148' title='bbox 192 2031 248 2109; x_wconf 89' lang='lat' dir='ltr'><strong>uit,</strong></span> <span class='ocrx_word' id='word_1_149' title='bbox 280 2029 485 2094; x_wconf 79' lang='lat' dir='ltr'><strong>Antiochum</strong></span> <span class='ocrx_word' id='word_1_150' title='bbox 510 2032 536 2094; x_wconf 74' lang='lat' dir='ltr'><strong>t</strong></span> <span class='ocrx_word' id='word_1_151' title='bbox 564 2031 627 2112; x_wconf 88' lang='lat' dir='ltr'><strong>jam</strong></span> <span class='ocrx_word' id='word_1_152' title='bbox 651 2025 841 2114; x_wconf 54' lang='lat' dir='ltr'><strong>provectioss‘</strong></span> <span class='ocrx_word' id='word_1_153' title='bbox 892 2045 955 2092; x_wconf 83' lang='lat' dir='ltr'><strong>etat</strong></span> <span class='ocrx_word' id='word_1_154' title='bbox 982 2051 1056 2094; x_wconf 81' lang='lat' dir='ltr'><strong>eree</strong></span> <span class='ocrx_word' id='word_1_155' title='bbox 1086 2033 1221 2115; x_wconf 80' lang='lat' dir='ltr'><strong>alicujus</strong></span> <span class='ocrx_word' id='word_1_156' title='bbox 1250 2032 1424 2110; x_wconf 84' lang='lat' dir='ltr'><strong>Antiochi,</strong></span> <span class='ocrx_word' id='word_1_157' title='bbox 1462 2035 1635 2116; x_wconf 78' lang='lat' dir='ltr'><strong>desperate</strong></span> 
     </span>
     <span class='ocr_line' id='line_1_17' title="bbox 108 2132 1636 2219; baseline 0 -23"><span class='ocrx_word' id='word_1_158' title='bbox 108 2155 167 2197; x_wconf 86' lang='lat' dir='ltr'><strong>ren</strong></span> <span class='ocrx_word' id='word_1_159' title='bbox 183 2133 332 2196; x_wconf 83' lang='lat' dir='ltr'><strong>uetatein</strong></span> <span class='ocrx_word' id='word_1_160' title='bbox 350 2133 452 2216; x_wconf 84' lang='lat' dir='ltr'><strong>patria</strong></span> <span class='ocrx_word' id='word_1_161' title='bbox 469 2152 608 2214; x_wconf 80' lang='lat' dir='ltr'><strong>regnam</strong></span> <span class='ocrx_word' id='word_1_162' title='bbox 626 2132 835 2209; x_wconf 82' lang='lat' dir='ltr'><strong>succeatiaee,</strong></span> <span class='ocrx_word' id='word_1_163' title='bbox 893 2150 970 2196; x_wconf 82' lang='lat' dir='ltr'><strong>eene</strong></span> <span class='ocrx_word' id='word_1_164' title='bbox 1000 2132 1125 2207; x_wconf 88' lang='lat' dir='ltr'><strong>omnia,</strong></span> <span class='ocrx_word' id='word_1_165' title='bbox 1166 2134 1281 2219; x_wconf 79' lang='lat' dir='ltr'><strong>quibua</strong></span> <span class='ocrx_word' id='word_1_166' title='bbox 1318 2153 1361 2196; x_wconf 89' lang='lat' dir='ltr'><strong>ne</strong></span> <span class='ocrx_word' id='word_1_167' title='bbox 1396 2135 1465 2218; x_wconf 82' lang='lat' dir='ltr'><strong>ipra</strong></span> <span class='ocrx_word' id='word_1_168' title='bbox 1502 2135 1636 2218; x_wconf 87' lang='lat' dir='ltr'><strong>quidem</strong></span> 
     </span>
     <span class='ocr_line' id='line_1_18' title="bbox 109 2233 1636 2318; baseline -0.002 -18"><span class='ocrx_word' id='word_1_169' title='bbox 109 2257 168 2300; x_wconf 89' lang='lat' dir='ltr'><strong>tttttt</strong></span> <span class='ocrx_word' id='word_1_170' title='bbox 180 2248 320 2310; x_wconf 82' lang='lat' dir='ltr'><strong>constat,</strong></span> <span class='ocrx_word' id='word_1_171' title='bbox 344 2235 454 2298; x_wconf 75' lang='lat' dir='ltr'><strong>vivum</strong></span> <span class='ocrx_word' id='word_1_172' title='bbox 471 2233 577 2297; x_wconf 88' lang='lat' dir='ltr'><strong>adhuc</strong></span> <span class='ocrx_word' id='word_1_173' title='bbox 594 2248 717 2318; x_wconf 85' lang='lat' dir='ltr'><strong>patrem</strong></span> <span class='ocrx_word' id='word_1_174' title='bbox 736 2233 787 2294; x_wconf 91' lang='lat' dir='ltr'><strong>illi</strong></span> <span class='ocrx_word' id='word_1_175' title='bbox 801 2247 836 2296; x_wconf 87' lang='lat' dir='ltr'><strong>ct</strong></span> <span class='ocrx_word' id='word_1_176' title='bbox 892 2235 1003 2311; x_wconf 80' lang='lat' dir='ltr'><strong>Saloe,</strong></span> <span class='ocrx_word' id='word_1_177' title='bbox 1028 2235 1068 2297; x_wconf 83' lang='lat' dir='ltr'><strong>&#39;ti</strong></span> <span class='ocrx_word' id='word_1_178' title='bbox 1097 2235 1195 2312; x_wconf 82' lang='lat' dir='ltr'><strong>velit,</strong></span> <span class='ocrx_word' id='word_1_179' title='bbox 1230 2233 1410 2300; x_wconf 85' lang='lat' dir='ltr'><strong>medeatur.</strong></span> <span class='ocrx_word' id='word_1_180' title='bbox 1461 2235 1498 2296; x_wconf 93' lang='lat' dir='ltr'><strong>ld</strong></span> <span class='ocrx_word' id='word_1_181' title='bbox 1535 2257 1636 2298; x_wconf 85' lang='lat' dir='ltr'><strong>unum</strong></span> 
     </span>
     <span class='ocr_line' id='line_1_19' title="bbox 109 2335 1636 2420; baseline 0.001 -22"><span class='ocrx_word' id='word_1_182' title='bbox 109 2357 226 2399; x_wconf 83' lang='lat' dir='ltr'><strong>uxorem</strong></span> <span class='ocrx_word' id='word_1_183' title='bbox 240 2337 472 2411; x_wconf 80' lang='lat' dir='ltr'><strong>Stratonicen,</strong></span> <span class='ocrx_word' id='word_1_184' title='bbox 494 2350 528 2399; x_wconf 87' lang='lat' dir='ltr'><strong>et</strong></span> <span class='ocrx_word' id='word_1_185' title='bbox 545 2337 729 2420; x_wconf 75' lang='lat' dir='ltr'><strong>prouinciae</strong></span> <span class='ocrx_word' id='word_1_186' title='bbox 746 2349 835 2397; x_wconf 82' lang='lat' dir='ltr'><strong>trane</strong></span> <span class='ocrx_word' id='word_1_187' title='bbox 891 2357 953 2420; x_wconf 89' lang='lat' dir='ltr'><strong>per</strong></span> <span class='ocrx_word' id='word_1_188' title='bbox 972 2335 1127 2400; x_wconf 83' lang='lat' dir='ltr'><strong>fabricam</strong></span> <span class='ocrx_word' id='word_1_189' title='bbox 1149 2337 1291 2420; x_wconf 85' lang='lat' dir='ltr'><strong>aliaeque</strong></span> <span class='ocrx_word' id='word_1_190' title='bbox 1322 2356 1434 2400; x_wconf 78' lang='lat' dir='ltr'><strong>caueae</strong></span> <span class='ocrx_word' id='word_1_191' title='bbox 1461 2337 1540 2400; x_wconf 85' lang='lat' dir='ltr'><strong>licet</strong></span> <span class='ocrx_word' id='word_1_192' title='bbox 1568 2339 1636 2400; x_wconf 91' lang='lat' dir='ltr'><strong>col·</strong></span> 
     </span>
     <span class='ocr_line' id='line_1_20' title="bbox 109 2437 1634 2531; baseline 0.003 -33"><span class='ocrx_word' id='word_1_193' title='bbox 109 2438 289 2520; x_wconf 77' lang='lat' dir='ltr'><strong>Euphratem</strong></span> <span class='ocrx_word' id='word_1_194' title='bbox 306 2438 387 2498; x_wconf 81' lang='lat' dir='ltr'><strong>sitae</strong></span> <span class='ocrx_word' id='word_1_195' title='bbox 405 2437 555 2502; x_wconf 81' lang='lat' dir='ltr'><strong>ceeeioee.</strong></span> <span class='ocrx_word' id='word_1_196' title='bbox 584 2437 695 2531; x_wconf 82' lang='lat' dir='ltr'><strong>Quare</strong></span> <span class='ocrx_word' id='word_1_197' title='bbox 713 2452 746 2500; x_wconf 88' lang='lat' dir='ltr'><strong>et</strong></span> <span class='ocrx_word' id='word_1_198' title='bbox 764 2437 835 2520; x_wconf 83' lang='lat' dir='ltr'><strong>ejua</strong></span> <span class='ocrx_word' id='word_1_199' title='bbox 894 2440 1022 2522; x_wconf 81' lang='lat' dir='ltr'><strong>ligere,</strong></span> <span class='ocrx_word' id='word_1_200' title='bbox 1051 2459 1125 2502; x_wconf 81' lang='lat' dir='ltr'><strong>ecoe</strong></span> <span class='ocrx_word' id='word_1_201' title='bbox 1155 2438 1360 2522; x_wconf 79' lang='lat' dir='ltr'><strong>alicujue&#39;ex</strong></span> <span class='ocrx_word' id='word_1_202' title='bbox 1386 2438 1500 2521; x_wconf 83' lang='lat' dir='ltr'><strong>primia</strong></span> <span class='ocrx_word' id='word_1_203' title='bbox 1530 2441 1634 2502; x_wconf 85' lang='lat' dir='ltr'><strong>tribua</strong></span> 
     </span>
     <span class='ocr_line' id='line_1_21' title="bbox 109 2539 1636 2626; baseline 0.005 -28"><span class='ocrx_word' id='word_1_204' title='bbox 109 2539 272 2601; x_wconf 78' lang='lat' dir='ltr'><strong>ueniente</strong></span> <span class='ocrx_word' id='word_1_205' title='bbox 294 2551 453 2622; x_wconf 79' lang='lat' dir='ltr'><strong>potsunt,</strong></span> <span class='ocrx_word' id='word_1_206' title='bbox 483 2539 540 2622; x_wconf 91' lang='lat' dir='ltr'><strong>qui</strong></span> <span class='ocrx_word' id='word_1_207' title='bbox 568 2540 732 2622; x_wconf 82' lang='lat' dir='ltr'><strong>juniorem</strong></span> <span class='ocrx_word' id='word_1_208' title='bbox 762 2559 837 2601; x_wconf 89' lang='lat' dir='ltr'><strong>cum</strong></span> <span class='ocrx_word' id='word_1_209' title='bbox 894 2542 1075 2606; x_wconf 86' lang='lat' dir='ltr'><strong>Antiochit.</strong></span> <span class='ocrx_word' id='word_1_210' title='bbox 1103 2541 1243 2626; x_wconf 79' lang='lat' dir='ltr'><strong>Reliqua</strong></span> <span class='ocrx_word' id='word_1_211' title='bbox 1264 2539 1306 2605; x_wconf 85' lang='lat' dir='ltr'><strong>cd</strong></span> <span class='ocrx_word' id='word_1_212' title='bbox 1326 2540 1414 2624; x_wconf 61' lang='grc' dir='ltr'><strong>ἐμοῦ</strong></span> <span class='ocrx_word' id='word_1_213' title='bbox 1433 2561 1549 2605; x_wconf 83' lang='lat' dir='ltr'><strong>numou</strong></span> <span class='ocrx_word' id='word_1_214' title='bbox 1567 2562 1636 2606; x_wconf 89' lang='lat' dir='ltr'><strong>me·</strong></span> 
     </span>
     <span class='ocr_line' id='line_1_22' title="bbox 108 2640 1054 2726; baseline 0.002 -22"><span class='ocrx_word' id='word_1_215' title='bbox 108 2651 285 2726; x_wconf 78' lang='lat' dir='ltr'><strong>proponunt.</strong></span> <span class='ocrx_word' id='word_1_216' title='bbox 328 2640 436 2724; x_wconf 83' lang='lat' dir='ltr'><strong>Caput</strong></span> <span class='ocrx_word' id='word_1_217' title='bbox 462 2640 664 2718; x_wconf 76' lang='lat' dir='ltr'><strong>astriferum,</strong></span> <span class='ocrx_word' id='word_1_218' title='bbox 694 2640 756 2703; x_wconf 87' lang='lat' dir='ltr'><strong>etei</strong></span> <span class='ocrx_word' id='word_1_219' title='bbox 783 2642 839 2702; x_wconf 88' lang='lat' dir='ltr'><strong>‹le-</strong></span> <span class='ocrx_word' id='word_1_220' title='bbox 895 2643 1054 2723; x_wconf 75' lang='lat' dir='ltr'><strong>nebimue.</strong></span> 
     </span>
    </p>

    <p class='ocr_par' dir='ltr' id='par_1_6' title="bbox 108 2741 839 2819">
     <span class='ocr_line' id='line_1_23' title="bbox 108 2741 839 2819; baseline 0 -15"><span class='ocrx_word' id='word_1_221' title='bbox 108 2764 184 2819; x_wconf 84' lang='lat' dir='ltr'><strong>mut,</strong></span> <span class='ocrx_word' id='word_1_222' title='bbox 214 2755 338 2804; x_wconf 78' lang='lat' dir='ltr'><strong>antrum</strong></span> <span class='ocrx_word' id='word_1_223' title='bbox 365 2762 439 2806; x_wconf 76' lang='lat' dir='ltr'><strong>eece</strong></span> <span class='ocrx_word' id='word_1_224' title='bbox 464 2741 639 2808; x_wconf 77' lang='lat' dir='ltr'><strong>divinitatis</strong></span> <span class='ocrx_word' id='word_1_225' title='bbox 667 2742 839 2818; x_wconf 88' lang='lat' dir='ltr'><strong>indicium,</strong></span> 
     </span>
    </p>

    <p class='ocr_par' dir='ltr' id='par_1_7' title="bbox 108 2845 837 2912">
     <span class='ocr_line' id='line_1_24' title="bbox 108 2845 837 2912; baseline 0.008 -8"><span class='ocrx_word' id='word_1_226' title='bbox 108 2865 163 2906; x_wconf 91' lang='lat' dir='ltr'><strong>non</strong></span> <span class='ocrx_word' id='word_1_227' title='bbox 202 2857 307 2912; x_wconf 74' lang='lat' dir='ltr'><strong>tamem</strong></span> <span class='ocrx_word' id='word_1_228' title='bbox 361 2845 515 2906; x_wconf 89' lang='lat' dir='ltr'><strong>continuo</strong></span> <span class='ocrx_word' id='word_1_229' title='bbox 555 2845 753 2908; x_wconf 80' lang='lat' dir='ltr'><strong>Antiochum</strong></span> <span class='ocrx_word' id='word_1_230' title='bbox 796 2848 837 2910; x_wconf 88' lang='lat' dir='ltr'><strong>ll.</strong></span> 
     </span>
    </p>

    <p class='ocr_par' dir='ltr' id='par_1_8' title="bbox 110 2939 1439 3028">
     <span class='ocr_line' id='line_1_25' title="bbox 110 2939 1439 3028; baseline 0.005 -22"><span class='ocrx_word' id='word_1_231' title='bbox 110 2947 200 3008; x_wconf 88' lang='lat' dir='ltr'><strong>Deum</strong></span> <span class='ocrx_word' id='word_1_232' title='bbox 216 2946 350 3010; x_wconf 78' lang='lat' dir='ltr'><strong>evincit.</strong></span> <span class='ocrx_word' id='word_1_233' title='bbox 372 2947 453 3009; x_wconf 85' lang='lat' dir='ltr'><strong>Nam</strong></span> <span class='ocrx_word' id='word_1_234' title='bbox 470 2967 536 3010; x_wconf 90' lang='lat' dir='ltr'><strong>non</strong></span> <span class='ocrx_word' id='word_1_235' title='bbox 556 2947 632 3010; x_wconf 82' lang='lat' dir='ltr'><strong>satia</strong></span> <span class='ocrx_word' id='word_1_236' title='bbox 649 2947 762 3024; x_wconf 84' lang='lat' dir='ltr'><strong>video,</strong></span> <span class='ocrx_word' id='word_1_237' title='bbox 778 2969 839 3010; x_wconf 88' lang='lat' dir='ltr'><strong>cur</strong></span> <span class='ocrx_word' id='word_1_238' title='bbox 910 2939 914 2948; x_wconf 49' lang='lat'><strong>⁴</strong></span> <span class='ocrx_word' id='word_1_239' title='bbox 1096 2945 1201 3012; x_wconf 76' lang='lat' dir='ltr'><strong>Numi</strong></span> <span class='ocrx_word' id='word_1_240' title='bbox 1218 2948 1389 3013; x_wconf 76' lang='lat' dir='ltr'><strong>Att&#39;tt&#39;ccltt&#39;</strong></span> <span class='ocrx_word' id='word_1_241' title='bbox 1408 2947 1439 3028; x_wconf 72' lang='lat' dir='ltr'><strong>I,</strong></span> 
     </span>
    </p>

    <p class='ocr_par' dir='ltr' id='par_1_9' title="bbox 109 3047 1324 3132">
     <span class='ocr_line' id='line_1_26' title="bbox 109 3047 1324 3132; baseline 0 -22"><span class='ocrx_word' id='word_1_242' title='bbox 109 3047 142 3110; x_wconf 88' lang='lat' dir='ltr'><strong>td</strong></span> <span class='ocrx_word' id='word_1_243' title='bbox 165 3048 359 3113; x_wconf 87' lang='lat' dir='ltr'><strong>Antiochum</strong></span> <span class='ocrx_word' id='word_1_244' title='bbox 385 3049 464 3124; x_wconf 65' lang='lat' dir='ltr'><strong>tv„</strong></span> <span class='ocrx_word' id='word_1_245' title='bbox 491 3049 548 3132; x_wconf 90' lang='lat' dir='ltr'><strong>qui</strong></span> <span class='ocrx_word' id='word_1_246' title='bbox 574 3049 653 3112; x_wconf 89' lang='lat' dir='ltr'><strong>item</strong></span> <span class='ocrx_word' id='word_1_247' title='bbox 682 3050 773 3112; x_wconf 75' lang='lat' dir='ltr'><strong>rivus</strong></span> <span class='ocrx_word' id='word_1_248' title='bbox 803 3052 847 3112; x_wconf 87' lang='lat' dir='ltr'><strong>in</strong></span> <span class='ocrx_word' id='word_1_249' title='bbox 1316 3119 1324 3128; x_wconf 34' lang='lat'>¹</span> 
     </span>
    </p>

    <p class='ocr_par' dir='ltr' id='par_1_10' title="bbox 109 3144 1713 3844">
     <span class='ocr_line' id='line_1_27' title="bbox 110 3144 1640 3238; baseline 0.001 -26"><span class='ocrx_word' id='word_1_250' title='bbox 110 3148 268 3234; x_wconf 74' lang='lat' dir='ltr'><strong>Oly-pum</strong></span> <span class='ocrx_word' id='word_1_251' title='bbox 300 3151 476 3215; x_wconf 74' lang='lat' dir='ltr'><strong>translatus</strong></span> <span class='ocrx_word' id='word_1_252' title='bbox 508 3165 577 3228; x_wconf 80' lang='lat' dir='ltr'><strong>eet,</strong></span> <span class='ocrx_word' id='word_1_253' title='bbox 596 3203 598 3208; x_wconf 90' lang='lat'><em>.</em></span> <span class='ocrx_word' id='word_1_254' title='bbox 615 3151 737 3214; x_wconf 85' lang='lat' dir='ltr'><strong>referri</strong></span> <span class='ocrx_word' id='word_1_255' title='bbox 770 3173 837 3212; x_wconf 86' lang='lat' dir='ltr'><strong>non</strong></span> <span class='ocrx_word' id='word_1_256' title='bbox 960 3154 1068 3238; x_wconf 59' lang='lat' dir='ltr'><strong>Caput</strong></span> <span class='ocrx_word' id='word_1_257' title='bbox 1084 3153 1421 3234; x_wconf 81' lang='lat' dir='ltr'><strong>regisdicdematttm.</strong></span> <span class='ocrx_word' id='word_1_258' title='bbox 1443 3144 1640 3214; x_wconf 69' lang='grc' dir='ltr'><strong>ΞΣΩΤΗ-</strong></span> 
     </span>
     <span class='ocr_line' id='line_1_28' title="bbox 109 3249 1639 3334; baseline 0 -20"><span class='ocrx_word' id='word_1_259' title='bbox 109 3253 206 3334; x_wconf 74' lang='lat' dir='ltr'><strong>poerit.</strong></span> <span class='ocrx_word' id='word_1_260' title='bbox 236 3255 315 3316; x_wconf 90' lang='lat' dir='ltr'><strong>Non</strong></span> <span class='ocrx_word' id='word_1_261' title='bbox 337 3251 457 3328; x_wconf 81' lang='lat' dir='ltr'><strong>ohotat,</strong></span> <span class='ocrx_word' id='word_1_262' title='bbox 482 3251 517 3314; x_wconf 91' lang='lat' dir='ltr'><strong>in</strong></span> <span class='ocrx_word' id='word_1_263' title='bbox 538 3253 602 3316; x_wconf 86' lang='lat' dir='ltr'><strong>hoc</strong></span> <span class='ocrx_word' id='word_1_264' title='bbox 623 3267 735 3318; x_wconf 85' lang='lat' dir='ltr'><strong>certoe</strong></span> <span class='ocrx_word' id='word_1_265' title='bbox 755 3257 836 3316; x_wconf 78' lang='lat' dir='ltr'><strong>alios</strong></span> <span class='ocrx_word' id='word_1_266' title='bbox 895 3249 999 3319; x_wconf 70' lang='lat'>1²02.</span> <span class='ocrx_word' id='word_1_267' title='bbox 1017 3249 1273 3317; x_wconf 80' lang='lat' dir='ltr'><strong>ANTIOXOT.</strong></span> <span class='ocrx_word' id='word_1_268' title='bbox 1298 3253 1424 3334; x_wconf 82' lang='lat' dir='ltr'><strong>Apollo</strong></span> <span class='ocrx_word' id='word_1_269' title='bbox 1442 3257 1550 3316; x_wconf 82' lang='lat' dir='ltr'><strong>nudus</strong></span> <span class='ocrx_word' id='word_1_270' title='bbox 1571 3275 1639 3315; x_wconf 85' lang='lat' dir='ltr'><strong>cor-</strong></span> 
     </span>
     <span class='ocr_line' id='line_1_29' title="bbox 111 3345 1638 3434; baseline 0 -20"><span class='ocrx_word' id='word_1_271' title='bbox 111 3355 170 3434; x_wconf 84' lang='lat' dir='ltr'><strong>ejut</strong></span> <span class='ocrx_word' id='word_1_272' title='bbox 203 3355 319 3418; x_wconf 74' lang='lat' dir='ltr'><strong>titulos</strong></span> <span class='ocrx_word' id='word_1_273' title='bbox 357 3353 511 3430; x_wconf 85' lang='lat' dir='ltr'><strong>reticeri,</strong></span> <span class='ocrx_word' id='word_1_274' title='bbox 552 3377 625 3417; x_wconf 82' lang='lat' dir='ltr'><strong>nam</strong></span> <span class='ocrx_word' id='word_1_275' title='bbox 659 3355 839 3418; x_wconf 86' lang='lat' dir='ltr'><strong>Pellerinio</strong></span> <span class='ocrx_word' id='word_1_276' title='bbox 896 3359 989 3419; x_wconf 81' lang='lat' dir='ltr'><strong>tinae</strong></span> <span class='ocrx_word' id='word_1_277' title='bbox 1005 3358 1162 3430; x_wconf 73' lang='lat' dir='ltr'><strong>insidens,</strong></span> <span class='ocrx_word' id='word_1_278' title='bbox 1180 3356 1211 3416; x_wconf 86' lang='lat' dir='ltr'><strong>d.</strong></span> <span class='ocrx_word' id='word_1_279' title='bbox 1226 3355 1337 3430; x_wconf 81' lang='lat' dir='ltr'><strong>telum,</strong></span> <span class='ocrx_word' id='word_1_280' title='bbox 1353 3377 1379 3420; x_wconf 86' lang='lat' dir='ltr'><strong>s.</strong></span> <span class='ocrx_word' id='word_1_281' title='bbox 1393 3345 1522 3420; x_wconf 63' lang='lat' dir='ltr'><strong>arcum,</strong></span> <span class='ocrx_word' id='word_1_282' title='bbox 1536 3355 1605 3415; x_wconf 81' lang='lat' dir='ltr'><strong>AR.</strong></span> <span class='ocrx_word' id='word_1_283' title='bbox 1614 3357 1638 3414; x_wconf 92' lang='lat'><strong>1.</strong></span> 
     </span>
     <span class='ocr_line' id='line_1_30' title="bbox 109 3455 1583 3540; baseline 0.002 -25"><span class='ocrx_word' id='word_1_284' title='bbox 109 3455 170 3538; x_wconf 76' lang='lat' dir='ltr'><strong>ipso</strong></span> <span class='ocrx_word' id='word_1_285' title='bbox 188 3459 307 3540; x_wconf 76' lang='lat' dir='ltr'><strong>paerim</strong></span> <span class='ocrx_word' id='word_1_286' title='bbox 327 3455 469 3520; x_wconf 87' lang='lat' dir='ltr'><strong>docente</strong></span> <span class='ocrx_word' id='word_1_287' title='bbox 486 3475 553 3517; x_wconf 90' lang='lat' dir='ltr'><strong>non</strong></span> <span class='ocrx_word' id='word_1_288' title='bbox 573 3477 686 3520; x_wconf 83' lang='lat' dir='ltr'><strong>omnes</strong></span> <span class='ocrx_word' id='word_1_289' title='bbox 708 3478 841 3540; x_wconf 85' lang='lat' dir='ltr'><strong>temper</strong></span> <span class='ocrx_word' id='word_1_290' title='bbox 898 3457 1060 3538; x_wconf 68' lang='lat' dir='ltr'><strong>(Fritlich.</strong></span> <span class='ocrx_word' id='word_1_291' title='bbox 1079 3455 1226 3518; x_wconf 84' lang='lat' dir='ltr'><strong>Pelleric</strong></span> <span class='ocrx_word' id='word_1_292' title='bbox 1246 3455 1583 3538; x_wconf 77' lang='lat' dir='ltr'><strong>snppt.1v‚.p.·n⁵.)</strong></span> 
     </span>
     <span class='ocr_line' id='line_1_31' title="bbox 110 3551 1642 3644; baseline -0.001 -26"><span class='ocrx_word' id='word_1_293' title='bbox 110 3575 211 3640; x_wconf 75' lang='lat' dir='ltr'><strong>regum</strong></span> <span class='ocrx_word' id='word_1_294' title='bbox 231 3559 319 3620; x_wconf 87' lang='lat' dir='ltr'><strong>tituli</strong></span> <span class='ocrx_word' id='word_1_295' title='bbox 338 3559 444 3620; x_wconf 83' lang='lat' dir='ltr'><strong>rumis</strong></span> <span class='ocrx_word' id='word_1_296' title='bbox 467 3557 550 3620; x_wconf 85' lang='lat' dir='ltr'><strong>illati</strong></span> <span class='ocrx_word' id='word_1_297' title='bbox 571 3573 655 3624; x_wconf 84' lang='lat' dir='ltr'><strong>eunt.</strong></span> <span class='ocrx_word' id='word_1_298' title='bbox 686 3561 729 3621; x_wconf 86' lang='lat' dir='ltr'><strong>At</strong></span> <span class='ocrx_word' id='word_1_299' title='bbox 752 3559 851 3644; x_wconf 79' lang='lat' dir='ltr'><strong>quod·</strong></span> <span class='ocrx_word' id='word_1_300' title='bbox 964 3561 1068 3640; x_wconf 83' lang='lat' dir='ltr'><strong>Caput</strong></span> <span class='ocrx_word' id='word_1_301' title='bbox 1085 3562 1174 3639; x_wconf 82' lang='lat' dir='ltr'><strong>tegis</strong></span> <span class='ocrx_word' id='word_1_302' title='bbox 1189 3559 1423 3620; x_wconf 79' lang='lat' dir='ltr'><strong>diadematum.</strong></span> <span class='ocrx_word' id='word_1_303' title='bbox 1446 3551 1642 3616; x_wconf 69' lang='lat' dir='ltr'>aeEnTH-</span> 
     </span>
     <span class='ocr_line' id='line_1_32' title="bbox 111 3653 1713 3748; baseline 0 -29"><span class='ocrx_word' id='word_1_304' title='bbox 111 3660 234 3723; x_wconf 80' lang='lat' dir='ltr'><strong>maxime</strong></span> <span class='ocrx_word' id='word_1_305' title='bbox 267 3681 322 3724; x_wconf 87' lang='lat' dir='ltr'><strong>me</strong></span> <span class='ocrx_word' id='word_1_306' title='bbox 353 3674 498 3736; x_wconf 74' lang='lat' dir='ltr'><strong>movet,¹</strong></span> <span class='ocrx_word' id='word_1_307' title='bbox 519 3673 587 3734; x_wconf 79' lang='lat' dir='ltr'><strong>eet,</strong></span> <span class='ocrx_word' id='word_1_308' title='bbox 628 3659 716 3743; x_wconf 83' lang='lat' dir='ltr'><strong>quod</strong></span> <span class='ocrx_word' id='word_1_309' title='bbox 745 3675 840 3743; x_wconf 82' lang='lat' dir='ltr'><strong>caput</strong></span> <span class='ocrx_word' id='word_1_310' title='bbox 897 3653 1000 3722; x_wconf 85' lang='grc' dir='ltr'><strong>ΡΟΣ.</strong></span> <span class='ocrx_word' id='word_1_311' title='bbox 1026 3653 1282 3720; x_wconf 82' lang='lat' dir='ltr'><strong>ANTlOXOT.</strong></span> <span class='ocrx_word' id='word_1_312' title='bbox 1318 3656 1474 3731; x_wconf 83' lang='lat' dir='ltr'><strong>Ancora,</strong></span> <span class='ocrx_word' id='word_1_313' title='bbox 1503 3669 1536 3718; x_wconf 85' lang='lat' dir='ltr'><strong>ct</strong></span> <span class='ocrx_word' id='word_1_314' title='bbox 1556 3657 1642 3738; x_wconf 85' lang='lat' dir='ltr'><strong>pilei</strong></span> <span class='ocrx_word' id='word_1_315' title='bbox 1709 3737 1713 3748; x_wconf 34' lang='lat'><em>·</em></span> 
     </span>
     <span class='ocr_line' id='line_1_33' title="bbox 110 3755 1511 3844; baseline 0 -24"><span class='ocrx_word' id='word_1_316' title='bbox 110 3761 280 3824; x_wconf 75' lang='lat' dir='ltr'><strong>mttilerum</strong></span> <span class='ocrx_word' id='word_1_317' title='bbox 314 3762 530 3844; x_wconf 73' lang='lat' dir='ltr'><strong>hujnrmnmi</strong></span> <span class='ocrx_word' id='word_1_318' title='bbox 560 3761 759 3824; x_wconf 85' lang='lat' dir='ltr'><strong>simillimum</strong></span> <span class='ocrx_word' id='word_1_319' title='bbox 791 3779 844 3827; x_wconf 85' lang='lat' dir='ltr'><strong>ost</strong></span> <span class='ocrx_word' id='word_1_320' title='bbox 900 3755 1148 3823; x_wconf 81' lang='lat' dir='ltr'><strong>Dt&#39;oscurorum.</strong></span> <span class='ocrx_word' id='word_1_321' title='bbox 1171 3755 1511 3837; x_wconf 80' lang='lat' dir='ltr'><strong>AE.lll.·(Friiliclt.)</strong></span> 
     </span>
    </p>

    <p class='ocr_par' dir='ltr' id='par_1_11' title="bbox 107 3857 1647 4662">
     <span class='ocr_line' id='line_1_34' title="bbox 110 3857 1641 3947; baseline 0.001 -27"><span class='ocrx_word' id='word_1_322' title='bbox 110 3863 183 3938; x_wconf 76' lang='lat' dir='ltr'><strong>illie,</strong></span> <span class='ocrx_word' id='word_1_323' title='bbox 212 3885 294 3947; x_wconf 86' lang='lat' dir='ltr'><strong>quae</strong></span> <span class='ocrx_word' id='word_1_324' title='bbox 321 3879 396 3926; x_wconf 82' lang='lat' dir='ltr'><strong>eunt</strong></span> <span class='ocrx_word' id='word_1_325' title='bbox 423 3863 457 3923; x_wconf 90' lang='lat' dir='ltr'><strong>in</strong></span> <span class='ocrx_word' id='word_1_326' title='bbox 484 3864 584 3928; x_wconf 83' lang='lat' dir='ltr'><strong>certia</strong></span> <span class='ocrx_word' id='word_1_327' title='bbox 606 3867 760 3930; x_wconf 86' lang='lat' dir='ltr'><strong>Antiochi</strong></span> <span class='ocrx_word' id='word_1_328' title='bbox 783 3867 842 3932; x_wconf 91' lang='lat' dir='ltr'><strong>1v.</strong></span> <span class='ocrx_word' id='word_1_329' title='bbox 912 3879 914 3886; x_wconf 61' lang='lat'><strong>⁴</strong></span> <span class='ocrx_word' id='word_1_330' title='bbox 960 3863 1034 3922; x_wconf 86' lang='lat' dir='ltr'><strong>Non</strong></span> <span class='ocrx_word' id='word_1_331' title='bbox 1052 3858 1133 3922; x_wconf 82' lang='lat' dir='ltr'><strong>alica</strong></span> <span class='ocrx_word' id='word_1_332' title='bbox 1154 3857 1310 3920; x_wconf 84' lang='lat' dir='ltr'><strong>habentus</strong></span> <span class='ocrx_word' id='word_1_333' title='bbox 1328 3857 1430 3940; x_wconf 80' lang='lat' dir='ltr'><strong>magia</strong></span> <span class='ocrx_word' id='word_1_334' title='bbox 1450 3869 1559 3920; x_wconf 85' lang='lat' dir='ltr'><strong>certos</strong></span> <span class='ocrx_word' id='word_1_335' title='bbox 1583 3860 1641 3921; x_wconf 89' lang='lat' dir='ltr'><strong>hu·</strong></span> 
     </span>
     <span class='ocr_line' id='line_1_35' title="bbox 109 3958 1641 4050; baseline -0.001 -28"><span class='ocrx_word' id='word_1_336' title='bbox 109 3965 203 4026; x_wconf 75' lang='lat' dir='ltr'><strong>rumis</strong></span> <span class='ocrx_word' id='word_1_337' title='bbox 224 3965 267 4028; x_wconf 79' lang='lat' dir='ltr'><strong>ab</strong></span> <span class='ocrx_word' id='word_1_338' title='bbox 292 3965 364 4048; x_wconf 81' lang='lat' dir='ltr'><strong>ipro</strong></span> <span class='ocrx_word' id='word_1_339' title='bbox 388 3964 570 4030; x_wconf 86' lang='lat' dir='ltr'><strong>Pellerinio</strong></span> <span class='ocrx_word' id='word_1_340' title='bbox 594 3967 742 4050; x_wconf 81' lang='lat' dir='ltr'><strong>vulgatis.</strong></span> <span class='ocrx_word' id='word_1_341' title='bbox 773 3968 843 4030; x_wconf 85' lang='lat' dir='ltr'><strong>Cri·</strong></span> <span class='ocrx_word' id='word_1_342' title='bbox 899 3960 1111 4048; x_wconf 81' lang='lat' dir='ltr'><strong>jueAntioclti</strong></span> <span class='ocrx_word' id='word_1_343' title='bbox 1123 3979 1249 4024; x_wconf 78' lang='lat' dir='ltr'><strong>numos.</strong></span> <span class='ocrx_word' id='word_1_344' title='bbox 1272 3959 1387 4020; x_wconf 78' lang='lat' dir='ltr'><strong>Fuisse</strong></span> <span class='ocrx_word' id='word_1_345' title='bbox 1398 3958 1641 4044; x_wconf 83' lang='lat' dir='ltr'><strong>illicognomen</strong></span> 
     </span>
     <span class='ocr_line' id='line_1_36' title="bbox 108 4045 1644 4152; baseline 0 -26"><span class='ocrx_word' id='word_1_346' title='bbox 108 4069 217 4130; x_wconf 86' lang='lat' dir='ltr'><strong>terium</strong></span> <span class='ocrx_word' id='word_1_347' title='bbox 246 4085 305 4150; x_wconf 74' lang='lat' dir='ltr'><strong>pro</strong></span> <span class='ocrx_word' id='word_1_348' title='bbox 333 4071 440 4129; x_wconf 83' lang='lat' dir='ltr'><strong>numic</strong></span> <span class='ocrx_word' id='word_1_349' title='bbox 462 4067 616 4129; x_wconf 86' lang='lat' dir='ltr'><strong>Antiochi</strong></span> <span class='ocrx_word' id='word_1_350' title='bbox 644 4071 698 4133; x_wconf 91' lang='lat' dir='ltr'><strong>lll.</strong></span> <span class='ocrx_word' id='word_1_351' title='bbox 728 4091 842 4152; x_wconf 82' lang='lat' dir='ltr'><strong>parem</strong></span> <span class='ocrx_word' id='word_1_352' title='bbox 902 4069 1045 4142; x_wconf 85' lang='lat' dir='ltr'><strong>Soteris,</strong></span> <span class='ocrx_word' id='word_1_353' title='bbox 1066 4061 1187 4126; x_wconf 78' lang='lat' dir='ltr'><strong>directe</strong></span> <span class='ocrx_word' id='word_1_354' title='bbox 1206 4045 1586 4144; x_wconf 55' lang='lat' dir='ltr'><strong>tentaturAppianue&#39;q,</strong></span> <span class='ocrx_word' id='word_1_355' title='bbox 1609 4077 1644 4126; x_wconf 83' lang='lat' dir='ltr'><strong>et</strong></span> 
     </span>
     <span class='ocr_line' id='line_1_37' title="bbox 109 4161 1643 4260; baseline -0.001 -32"><span class='ocrx_word' id='word_1_356' title='bbox 109 4167 268 4245; x_wconf 80' lang='lat' dir='ltr'><strong>tultlerut,</strong></span> <span class='ocrx_word' id='word_1_357' title='bbox 301 4171 379 4254; x_wconf 84' lang='lat' dir='ltr'><strong>quia</strong></span> <span class='ocrx_word' id='word_1_358' title='bbox 418 4168 554 4231; x_wconf 90' lang='lat' dir='ltr'><strong>nimium</strong></span> <span class='ocrx_word' id='word_1_359' title='bbox 591 4168 749 4253; x_wconf 82' lang='lat' dir='ltr'><strong>indulget.</strong></span> <span class='ocrx_word' id='word_1_360' title='bbox 799 4173 844 4234; x_wconf 89' lang='lat' dir='ltr'><strong>Et</strong></span> <span class='ocrx_word' id='word_1_361' title='bbox 901 4169 1063 4230; x_wconf 79' lang='lat' dir='ltr'><strong>Lucienus</strong></span> <span class='ocrx_word' id='word_1_362' title='bbox 1086 4161 1140 4246; x_wconf 75' lang='lat' dir='ltr'><strong>b),</strong></span> <span class='ocrx_word' id='word_1_363' title='bbox 1162 4161 1314 4260; x_wconf 67' lang='lat' dir='ltr'><strong>nimitum</strong></span> <span class='ocrx_word' id='word_1_364' title='bbox 1336 4163 1425 4245; x_wconf 76' lang='lat' dir='ltr'><strong>quod</strong></span> <span class='ocrx_word' id='word_1_365' title='bbox 1444 4163 1547 4226; x_wconf 85' lang='lat' dir='ltr'><strong>relatu</strong></span> <span class='ocrx_word' id='word_1_366' title='bbox 1567 4163 1643 4226; x_wconf 87' lang='lat' dir='ltr'><strong>inti·</strong></span> 
     </span>
     <span class='ocr_line' id='line_1_38' title="bbox 108 4264 1647 4356; baseline -0.002 -27"><span class='ocrx_word' id='word_1_367' title='bbox 108 4289 180 4332; x_wconf 84' lang='lat' dir='ltr'><strong>teto</strong></span> <span class='ocrx_word' id='word_1_368' title='bbox 202 4291 309 4356; x_wconf 84' lang='lat' dir='ltr'><strong>neque</strong></span> <span class='ocrx_word' id='word_1_369' title='bbox 333 4271 402 4356; x_wconf 80' lang='lat' dir='ltr'><strong>ipae</strong></span> <span class='ocrx_word' id='word_1_370' title='bbox 421 4271 620 4336; x_wconf 82' lang='lat' dir='ltr'><strong>Pellerinina</strong></span> <span class='ocrx_word' id='word_1_371' title='bbox 644 4273 843 4348; x_wconf 77' lang='lat' dir='ltr'><strong>adversatur,</strong></span> <span class='ocrx_word' id='word_1_372' title='bbox 902 4271 958 4354; x_wconf 82' lang='lat' dir='ltr'><strong>gni</strong></span> <span class='ocrx_word' id='word_1_373' title='bbox 986 4271 1027 4332; x_wconf 87' lang='lat' dir='ltr'><strong>dc</strong></span> <span class='ocrx_word' id='word_1_374' title='bbox 1053 4265 1155 4331; x_wconf 84' lang='lat' dir='ltr'><strong>Gallia</strong></span> <span class='ocrx_word' id='word_1_375' title='bbox 1189 4264 1343 4342; x_wconf 79' lang='lat' dir='ltr'><strong>victoria,</strong></span> <span class='ocrx_word' id='word_1_376' title='bbox 1383 4265 1424 4326; x_wconf 89' lang='lat' dir='ltr'><strong>de</strong></span> <span class='ocrx_word' id='word_1_377' title='bbox 1456 4285 1518 4347; x_wconf 89' lang='lat' dir='ltr'><strong>qua</strong></span> <span class='ocrx_word' id='word_1_378' title='bbox 1548 4285 1647 4340; x_wconf 81' lang='lat' dir='ltr'><strong>mor,</strong></span> 
     </span>
     <span class='ocr_line' id='line_1_39' title="bbox 110 4365 1644 4458; baseline -0.003 -26"><span class='ocrx_word' id='word_1_379' title='bbox 110 4389 146 4432; x_wconf 85' lang='lat' dir='ltr'><strong>er</strong></span> <span class='ocrx_word' id='word_1_380' title='bbox 170 4371 221 4434; x_wconf 83' lang='lat' dir='ltr'><strong>hie</strong></span> <span class='ocrx_word' id='word_1_381' title='bbox 245 4372 370 4458; x_wconf 81' lang='lat' dir='ltr'><strong>aliquot</strong></span> <span class='ocrx_word' id='word_1_382' title='bbox 388 4393 461 4436; x_wconf 83' lang='lat' dir='ltr'><strong>eote</strong></span> <span class='ocrx_word' id='word_1_383' title='bbox 479 4395 578 4457; x_wconf 80' lang='lat' dir='ltr'><strong>porse</strong></span> <span class='ocrx_word' id='word_1_384' title='bbox 595 4375 749 4437; x_wconf 88' lang='lat' dir='ltr'><strong>Antiochi</strong></span> <span class='ocrx_word' id='word_1_385' title='bbox 767 4375 846 4436; x_wconf 83' lang='lat' dir='ltr'><strong>Hie·</strong></span> <span class='ocrx_word' id='word_1_386' title='bbox 902 4374 1010 4434; x_wconf 79' lang='lat' dir='ltr'><strong>Asiam</strong></span> <span class='ocrx_word' id='word_1_387' title='bbox 1029 4382 1202 4452; x_wconf 82' lang='lat' dir='ltr'><strong>praetante</strong></span> <span class='ocrx_word' id='word_1_388' title='bbox 1221 4380 1310 4430; x_wconf 86' lang='lat' dir='ltr'><strong>metu</strong></span> <span class='ocrx_word' id='word_1_389' title='bbox 1327 4365 1488 4432; x_wconf 80' lang='lat' dir='ltr'><strong>liberavit.</strong></span> <span class='ocrx_word' id='word_1_390' title='bbox 1518 4366 1644 4448; x_wconf 83' lang='lat' dir='ltr'><strong>Majore</strong></span> 
     </span>
     <span class='ocr_line' id='line_1_40' title="bbox 107 4465 1643 4562; baseline -0.005 -27"><span class='ocrx_word' id='word_1_391' title='bbox 107 4473 205 4562; x_wconf 54' lang='lat' dir='ltr'><strong>rach,</strong></span> <span class='ocrx_word' id='word_1_392' title='bbox 243 4474 294 4536; x_wconf 82' lang='lat' dir='ltr'><strong>En</strong></span> <span class='ocrx_word' id='word_1_393' title='bbox 331 4474 391 4536; x_wconf 88' lang='lat' dir='ltr'><strong>tibi</strong></span> <span class='ocrx_word' id='word_1_394' title='bbox 426 4487 575 4560; x_wconf 86' lang='lat' dir='ltr'><strong>quartum</strong></span> <span class='ocrx_word' id='word_1_395' title='bbox 609 4476 749 4559; x_wconf 77' lang='lat' dir='ltr'><strong>aliquem</strong></span> <span class='ocrx_word' id='word_1_396' title='bbox 780 4483 846 4538; x_wconf 87' lang='lat' dir='ltr'><strong>An·</strong></span> <span class='ocrx_word' id='word_1_397' title='bbox 902 4474 987 4536; x_wconf 76' lang='lat' dir='ltr'><strong>iaetu</strong></span> <span class='ocrx_word' id='word_1_398' title='bbox 1007 4474 1039 4534; x_wconf 86' lang='lat' dir='ltr'><strong>in</strong></span> <span class='ocrx_word' id='word_1_399' title='bbox 1059 4471 1196 4534; x_wconf 85' lang='lat' dir='ltr'><strong>decreto</strong></span> <span class='ocrx_word' id='word_1_400' title='bbox 1213 4471 1465 4552; x_wconf 79' lang='lat' dir='ltr'><strong>Smyrnaeorum</strong></span> <span class='ocrx_word' id='word_1_401' title='bbox 1488 4465 1643 4528; x_wconf 81' lang='lat' dir='ltr'><strong>dicituro&#39;</strong></span> 
     </span>
     <span class='ocr_line' id='line_1_41' title="bbox 109 4571 1387 4662; baseline -0.002 -28"><span class='ocrx_word' id='word_1_402' title='bbox 109 4573 250 4638; x_wconf 80' lang='lat' dir='ltr'><strong>tiochum</strong></span> <span class='ocrx_word' id='word_1_403' title='bbox 268 4577 302 4638; x_wconf 92' lang='lat' dir='ltr'><strong>in</strong></span> <span class='ocrx_word' id='word_1_404' title='bbox 323 4576 439 4642; x_wconf 77' lang='lat' dir='ltr'><strong>dehine</strong></span> <span class='ocrx_word' id='word_1_405' title='bbox 461 4579 557 4662; x_wconf 74' lang='lat' dir='ltr'><strong>hujus</strong></span> <span class='ocrx_word' id='word_1_406' title='bbox 579 4593 731 4642; x_wconf 77' lang='lat' dir='ltr'><strong>monetae</strong></span> <span class='ocrx_word' id='word_1_407' title='bbox 759 4597 846 4642; x_wconf 87' lang='lat' dir='ltr'><strong>com·</strong></span> <span class='ocrx_word' id='word_1_408' title='bbox 904 4579 974 4650; x_wconf 65' lang='lat' dir='ltr'><strong>Scor</strong></span> <span class='ocrx_word' id='word_1_409' title='bbox 989 4597 1039 4636; x_wconf 69' lang='lat' dir='ltr'><strong>nar</strong></span> <span class='ocrx_word' id='word_1_410' title='bbox 1055 4593 1156 4651; x_wconf 75' lang='grc' dir='ltr'><strong><em>σωτηρ</em></strong></span> <span class='ocrx_word' id='word_1_411' title='bbox 1177 4572 1328 4654; x_wconf 56' lang='lat' dir='ltr'><strong>Armaxa,-</strong></span> <span class='ocrx_word' id='word_1_412' title='bbox 1346 4571 1387 4651; x_wconf 71' lang='grc' dir='ltr'><strong>ο).</strong></span> 
     </span>
    </p>
   </div>
   <div class='ocr_carea' id='block_1_6' title="bbox 141 4783 1253 4865">
    <p class='ocr_par' dir='ltr' id='par_1_12' title="bbox 141 4783 1253 4865">
     <span class='ocr_line' id='line_1_42' title="bbox 141 4783 1253 4865; baseline -0.005 -22"><span class='ocrx_word' id='word_1_413' title='bbox 141 4785 175 4858; x_wconf 77' lang='lat' dir='ltr'><strong>r)</strong></span> <span class='ocrx_word' id='word_1_414' title='bbox 194 4783 271 4844; x_wconf 82' lang='lat' dir='ltr'><strong>Bell.</strong></span> <span class='ocrx_word' id='word_1_415' title='bbox 285 4787 349 4862; x_wconf 68' lang='lat' dir='ltr'><strong>Syr.</strong></span> <span class='ocrx_word' id='word_1_416' title='bbox 420 4789 455 4865; x_wconf 86' lang='lat' dir='ltr'><strong>h)</strong></span> <span class='ocrx_word' id='word_1_417' title='bbox 474 4789 505 4848; x_wconf 85' lang='lat' dir='ltr'><strong>in</strong></span> <span class='ocrx_word' id='word_1_418' title='bbox 521 4789 664 4851; x_wconf 74' lang='lat' dir='ltr'><strong>Zeuxide.</strong></span> <span class='ocrx_word' id='word_1_419' title='bbox 735 4791 768 4862; x_wconf 87' lang='lat' dir='ltr'><strong>c)</strong></span> <span class='ocrx_word' id='word_1_420' title='bbox 784 4789 890 4846; x_wconf 80' lang='lat' dir='ltr'><strong>Marm.</strong></span> <span class='ocrx_word' id='word_1_421' title='bbox 908 4788 1137 4846; x_wconf 75' lang='lat' dir='ltr'><strong>Oxon.ttum.2·</strong></span> <span class='ocrx_word' id='word_1_422' title='bbox 1153 4793 1253 4841; x_wconf 67' lang='lat' dir='ltr'><strong>utcu.</strong></span> 
     </span>
    </p>
   </div>
   <div class='ocr_carea' id='block_1_7' title="bbox 0 0 2084 5454">
    <p class='ocr_par' dir='ltr' id='par_1_13' title="bbox 0 0 2084 5454">
     <span class='ocr_line' id='line_1_43' title="bbox 0 0 2084 5454; baseline 0 0"><span class='ocrx_word' id='word_1_423' title='bbox 0 0 2084 5454; x_wconf 95' lang='lat' dir='ltr'><strong> </strong></span> 
     </span>
    </p>
   </div>
  </div>
 </body>
</html>
