4286 5478
754 573 1198 664 mesopontus.
1675 591 1744 678 '5¹21

204 753 314 822 oillue.
346 747 531 822 uincit·
552 751 708 824 NIKHC.
729 753 850 823 ΤΩΝ.
869 751 948 822 ΚΤ·
1003 753 1040 842 pi
1059 775 1102 822 ex
1123 756 1271 822 Romana
1298 755 1370 842 ejus
1397 757 1510 822 setstis
1540 767 1670 826 moneta
1695 759 1752 824 ds·

203 851 337 924 ΡῙΩΝ.
361 853 428 922 CC.
470 851 601 920 Mulier
621 869 718 922 stans
738 857 772 922 l.
795 859 949 942 globum,
1001 859 1253 947 promptiorem.
1287 857 1405 929 Vtrum
1426 859 1542 924 inercie
1564 861 1753 928 verisimilis

204 979 231 1022 s.
250 963 477 1043 eornneapioe.
499 955 640 1024 hiim.
662 958 762 1040 (Mos.
778 959 888 1042 Caes.)
1001 973 1092 1026 tanta
1111 961 1303 1040 oonoordia,
1327 961 1356 1024 si
1371 959 1406 1024 in
1423 961 1543 1027 dissitis
1562 962 1754 1046 regionibus

269 1061 432 1125 ductores
447 1073 578 1138 omnes,
595 1057 653 1144 qni
668 1058 729 1126 hos
742 1079 859 1126 numos
874 1081 951 1148 pro·
1006 1063 1151 1150 signatos
1168 1063 1239 1150 quis
1256 1062 1346 1130 solet
1362 1073 1523 1142 statuere,
1547 1063 1674 1148 hosque
1697 1081 1756 1129 no·

204 1155 415 1247 muigavere,
437 1179 552 1226 eornm
568 1160 676 1226 natale
689 1162 795 1228 solum
812 1161 951 1229 definire
1009 1176 1104 1231 stros.
1126 1163 1269 1250 exempli
1296 1184 1393 1230 eausa
1416 1167 1570 1231 melleam
1601 1179 1756 1249 expertos

203 1281 271 1328 non
289 1275 364 1328 sunt
380 1263 460 1328 susi.
488 1261 705 1342 Peiierinius,
727 1283 793 1350 quo
809 1263 886 1330 lutto
904 1265 953 1328 iu-
1008 1267 1044 1332 in
1069 1268 1207 1346 Rhodo,
1240 1267 1316 1329 tium
1343 1265 1439 1331 alteri
1461 1267 1574 1330 Msnni
1595 1267 1628 1330 in
1654 1263 1756 1330 medi·

205 1365 332 1448 signem
354 1385 449 1429 suum
465 1363 671 1428 Rhodiorum
694 1385 828 1428 numum
849 1347 970 1451 expli·⁸
1007 1383 1178 1448 terranea,
1218 1379 1253 1432 et
1282 1377 1372 1431 tanto
1406 1367 1581 1432 intervallo
1615 1366 1755 1432 distsnte

206 1477 258 1531 ost
270 1465 478 1549 inscriptum:
497 1463 662 1530 ΡΟΔΙΟΙ.
679 1462 818 1532 Tnet’.
830 1465 952 1534 ΤΩΝ.
1007 1471 1243 1556 Mesopotamia
1264 1467 1372 1534 lucem
1394 1468 1531 1535 videret
1559 1467 1670 1561 Quare
1691 1473 1756 1533 nisi

205 1559 490 1630 ΣΕΒΑΣΤΩΝ.
510 1569 557 1650 ⁸),
581 1567 721 1648 adserit,
745 1568 780 1630 in
799 1568 861 1630 hao
881 1587 953 1630 ora·
1008 1591 1062 1637 sne
1083 1571 1201 1638 fallunt
1222 1576 1346 1650 omnis,
1378 1590 1492 1635 omnes
1518 1569 1555 1632 hi
1581 1571 1671 1634 numi
1699 1586 1755 1634 sut

206 1668 295 1730 tione
314 1665 567 1732 subaudiendam
583 1689 699 1734 vocem
719 1663 886 1746 ΝΙΚΗΣ,
914 1689 952 1734 so
1007 1676 1043 1738 in
1065 1697 1129 1739 una
1147 1673 1329 1760 eademque
1345 1672 1489 1748 Edessa,
1514 1685 1569 1736 sut
1589 1673 1623 1735 iu
1645 1672 1753 1737 vicina

205 1778 379 1855 praeterea
422 1789 536 1834 omnes
570 1785 745 1855 argenteos
777 1769 951 1835 drsohmae
1009 1778 1158 1862 quapiam
1179 1776 1282 1853 urhe,
1315 1795 1377 1838 eeu
1398 1774 1550 1850 Carrhis,
1582 1787 1656 1836 sunt
1677 1793 1754 1857 per·

206 1869 355 1956 pondere
369 1869 468 1932 simili
483 1867 583 1936 modo
601 1872 776 1958 inscriptos
795 1873 877 1958 (quo
894 1891 953 1936 uo-
1008 1879 1105 1942 russi.
1133 1879 1241 1942 Etiam
1260 1875 1333 1942 sevi
1351 1875 1446 1957 hujus
1467 1874 1602 1938 historia
1624 1890 1757 1940 senten·

207 1971 296 2036 mine
314 1970 469 2056 intelligis
487 1972 549 2036 hos
568 1973 675 2058 ipsos,
703 1995 785 2061 quos
803 1973 857 2038 hio
876 1993 954 2058 pro·
1006 1979 1086 2044 tiam
1127 2000 1234 2043 meam
1276 1977 1447 2062 praeclare
1490 1977 1587 2058 juvat.
1646 1978 1757 2042 Docet

205 2075 317 2160 posui)
334 2073 455 2140 Rhodo
474 2073 677 2142 tribuendos.
708 2077 802 2140 Hane
822 2089 955 2140 senten·
1007 2083 1110 2159 haec,
1141 2080 1410 2164 Mesopotamiam
1437 2079 1497 2142 suh
1522 2079 1678 2142 Antonini
1703 2079 1757 2141 Pii

206 2177 284 2241 tiam
308 2175 384 2239 satis
407 2187 486 2260 puio
511 2196 606 2240 eme
632 2175 805 2241 refutatam
827 2177 862 2239 in
884 2197 953 2242 mo·
1008 2195 1150 2248 mortem
1166 2179 1327 2246 aPsrthis
1342 2182 1517 2264 repentino
1533 2181 1666 2243 incursu
1681 2181 1756 2244 suh·

205 2292 282 2344 neta
302 2275 433 2356 Rhodi,
460 2298 572 2360 quatu,
597 2277 626 2340 si
646 2277 753 2358 lubet,
779 2277 843 2343 adi.
878 2277 953 2342 stin
1007 2286 1168 2372 jugatum,
1198 2303 1275 2346 mox
1296 2305 1314 2346 a
1335 2283 1509 2360 Romanis,
1538 2281 1611 2365 ipso
1632 2283 1671 2347 In.
1690 2284 1756 2347 Ve-

207 2399 291 2466 ergo
313 2379 391 2443 huie
415 2399 589 2444 rumorum
613 2381 730 2464 generi
755 2377 952 2464 adsignanda
1008 2408 1048 2451 ro
1076 2385 1278 2470 expeditioni
1306 2383 1492 2469 praefecto,
1525 2381 1623 2446 armis
1653 2383 1757 2446 vindi·

207 2482 324 2568 putrifl-
1009 2503 1129 2565 eatam,
1154 2509 1192 2554 so
1209 2501 1277 2551 tum
1295 2486 1377 2550 slios
1394 2505 1493 2571 reges
1510 2485 1650 2570 ejectos,
1674 2484 1757 2547 aiios

270 2583 309 2648 si
328 2582 406 2668 qnid
424 2583 513 2650 valet
529 2582 565 2645 in
583 2601 622 2648 re
640 2583 864 2648 numismatien
879 2605 955 2647 nna·
1009 2591 1220 2668 constitutos,
1258 2589 1467 2654 eoniinmatns
1504 2588 1607 2664 elios,
1647 2587 1757 2650 eivita-

207 2685 313 2772 iogia,
340 2697 375 2750 ot
395 2705 570 2750 momorum
591 2687 777 2765 eontentio,
800 2685 855 2752 vit
875 2683 954 2750 liee-
1008 2691 1191 2757 tumetium
1209 2689 1549 2764 formasimmutatas,
1573 2709 1650 2772 quas
1668 2687 1757 2750 inter

207 2787 257 2852 tnis
284 2787 326 2850 de
353 2801 528 2872 argenteae
556 2787 652 2872 hujus
678 2801 829 2853 monetae
850 2787 954 2872 patria
1010 2794 1153 2860 carrhas
1178 2791 1319 2856 dadnnsn
1342 2790 1482 2856 colonia,
1523 2789 1634 2893 Qum
1663 2809 1758 2872 pm.

208 2892 446 2974 Mesopotamia
473 2887 632 2954 dubitare.
672 2890 753 2974 Ejus
780 2890 832 2954 rei
859 2909 955 2976 argu·
1009 2917 1089 2982 ceps
1117 2897 1152 2958 in
1178 2894 1397 2959 adulationem
1426 2891 1661 2975 Mesopotamia
1690 2911 1758 2954 om·

209 3005 356 3058 mentum
385 2993 601 3057 certissimum
630 2991 837 3076 suppeditant
863 2992 955 3054 numi
1008 2999 1079 3077 nis,
1104 3009 1139 3060 et
1162 2997 1224 3059 hae
1248 2994 1404 3058 suadente
1427 2995 1565 3056 Mannns
1593 3013 1653 3056 rex
1682 3013 1757 3056 sese

209 3095 323 3160 Hanni
338 3095 485 3160 Edessae
502 3093 611 3179 regis,
628 3106 789 3158 autoerte
806 3094 953 3178 regionis
1008 3099 1044 3162 in
1071 3096 1177 3161 nantis
1207 3089 1562 3158 ΦΙΛΟΡΩΜΑΙΟΝ
1571 3137 1579 3167 ,
1617 3107 1650 3156 et
1679 3094 1757 3157 Car·

209 3197 408 3284 cujuspiam,
448 3217 531 3284 quae
565 3195 711 3260 Edessae
743 3195 849 3262 sisinn
881 3195 962 3262 inis,
1010 3199 1106 3266 rheni
1133 3215 1264 3282 quoque
1293 3195 1328 3256 in
1355 3194 1422 3256 suis
1448 3211 1522 3254 seso
1548 3185 1757 3256 ΦΙΛΟΡΩ-

210 3299 294 3366 Cum
309 3299 361 3363 his
376 3299 480 3363 nostri
495 3299 531 3362 hi
545 3296 636 3362 numi
655 3297 702 3362 siu
719 3297 868 3364 omnibus
883 3320 957 3386 pur·
1006 3296 1194 3376 ¹MhIOTC
1210 3296 1439 3383 appellavere,
1465 3292 1568 3357 indito
1588 3293 1684 3358 etism
1703 3315 1758 3362 oo-

210 3403 296 3468 tibus
317 3403 523 3488 conspirent,
548 3416 585 3467 ut
604 3419 742 3468 neeesse
764 3402 823 3481 sit,
851 3415 957 3468 utros·
1010 3403 1119 3468 ionise
1143 3420 1221 3467 suso
1241 3399 1405 3463 Aureliae
1428 3399 1559 3459 nomine
1586 3395 1759 3460 avietori·

211 3526 276 3594 que
295 3505 331 3569 iu
358 3506 494 3585 eadem,
524 3518 579 3570 sut
599 3505 713 3569 saltem
735 3503 882 3589 ejusdem
903 3495 969 3570 ree
1009 3505 1071 3570 hus
1080 3503 1236 3588 Augustis
1253 3497 1560 3598 utroquendssrelio.
1583 3493 1694 3592 Quare
1713 3499 1758 3563 ul·

212 3608 320 3690 pionis
341 3607 471 3672 officina
494 3607 635 3694 signatos
656 3621 812 3674 statuere.
846 3607 958 3670 Enim·
1013 3621 1088 3672 tero
1109 3603 1259 3692 obsequii
1280 3621 1403 3687 genere
1423 3593 1470 3664 ab
1484 3597 1601 3665 iisdem
1622 3597 1757 3686 regibus

210 3729 292 3775 vero
322 3731 390 3775 nou
422 3711 545 3774 fabrica
578 3711 677 3774 modo
708 3723 742 3774 et
771 3711 957 3790 metellum,
1014 3709 1209 3796 populisque
1235 3719 1310 3774 tota
1334 3723 1465 3790 quoque
1489 3723 1584 3768 eausa
1614 3703 1757 3768 serentis

211 3811 376 3896 (argentei
404 3813 534 3897 utrique
562 3815 653 3895 sunt)
684 3825 718 3876 et
745 3811 890 3896 pondus,
922 3825 957 3876 et
1011 3815 1235 3876 Romanorum
1257 3805 1412 3887 istoriae
1434 3801 1555 3884 soluta,
1585 3819 1619 3868 et
1640 3805 1757 3890 signati

211 3915 384 3991 volumen,
402 3929 469 3977 tum
488 3929 522 3978 et
538 3915 706 3978 literarum
721 3913 826 3977 forma
841 3913 957 3978 eodem
1011 3928 1189 4002 propterea
1217 3912 1308 3974 numi
1335 3909 1503 3994 argentei,
1536 3927 1618 3993 quos
1642 3907 1758 3984 citavi,

213 4015 250 4078 iu
271 4014 529 4095 eminuerunt,
552 4037 668 4083 verum
687 4017 783 4081 etism
801 4029 888 4080 setas
904 4036 958 4079 es·
1012 4029 1048 4081 ot
1071 4014 1237 4100 inscriptis
1265 4007 1404 4074 ΤΠΕΡ.
1426 4007 1579 4074 NIKHC.
1605 4025 1667 4074 eto.
1706 4007 1757 4072 sd

211 4117 312 4200 dem;
347 4139 423 4184 nam
452 4139 517 4202 quo
547 4132 698 4204 tempore
725 4119 836 4184 Manui
865 4115 958 4182 numi
1011 4117 1100 4183 idem
1113 4127 1339 4203 argumentum
1352 4113 1495 4196 pertinet
1507 4133 1622 4174 numus
1636 4131 1758 4176 aeneus

211 4221 332 4307 signati
358 4233 449 4298 sunt,
479 4221 598 4286 eodem
626 4235 661 4285 et
687 4221 723 4283 ii
750 4207 872 4302 uostri3
905 4221 957 4284 illi
1012 4218 1184 4285 Commodi
1206 4239 1281 4282 oum
1302 4213 1499 4300 epigraphe:
1530 4209 1668 4282 int-:it
1694 4213 1759 4278 Nl·

211 4325 301 4392 mim
322 4323 461 4408 perinde
483 4345 520 4388 so
541 4323 578 4386 hi
597 4323 700 4408 capita
721 4323 865 4400 Aurelii,
890 4324 958 4393 Ve-
1011 4320 1116 4388 iiiic.
1144 4313 1420 4393 PischlittN.,
1461 4335 1557 4402 quem
1592 4336 1690 4399 snpra
1723 4315 1758 4378 iu

212 4427 262 4505 ri,
296 4439 330 4491 et
354 4445 495 4502 uxorum
524 4426 690 4492 exhibent.
732 4424 785 4486 tii
812 4425 906 4490 hseo.
921 4423 956 4488 in
1013 4421 1147 4489 Carrhis
1168 4419 1335 4506 proposui.
1363 4417 1524 4483 Nimirum
1547 4417 1623 4481 indu
1647 4416 1687 4481 ab
1706 4435 1760 4480 re·

212 4527 379 4616 utrisque,
401 4541 438 4593 ut
457 4529 641 4594 conserenti
661 4529 792 4614 planum
812 4526 886 4608 ties,
909 4541 957 4611 ty·
1012 4537 1166 4612 superata
1199 4523 1259 4590 sub
1289 4521 1434 4586 Aureliis
1460 4519 1693 4604 Mesopotamia
1724 4519 1756 4580 in

250 4835 284 4904 s)
302 4831 417 4891 sesnes
433 4841 518 4908 paz.

277 4945 372 5027 (Vol.
388 4941 473 5024 ΙΙΙ.)
