4196 5458
388 579 458 646 sss
995 553 1311 628 Pfloe'sttcn
1429 527 1431 532 ’

386 733 455 815 jioit
476 727 685 792 Pellerinius.
721 724 835 800 Addo,
865 723 927 786 etsi
949 723 1056 808 reipsa
1078 745 1131 787 es·
1187 721 1467 808 roraverunt'pro
1483 735 1598 786 vetere
1616 723 1845 788 Ιιιιιιιιιιισηιιιι.
1869 725 1935 788 Το-

386 847 459 897 rent
492 825 680 912 Elagabali,
717 825 805 890 istud
836 826 1031 889 sententium
1061 845 1129 890 non
1186 839 1235 890 ste
1255 827 1288 891 S.
1304 825 1507 907 Hieronymo
1523 827 1552 908 ¹)
1574 829 1678 889 Poeni
1691 847 1843 890 samone
1859 847 1936 888 cor·

386 950 530 1008 mutere3
554 953 629 995 usna
649 930 719 994 cosi
733 928 857 992 tuerint
878 949 955 992 mox
977 928 1018 992 als
1040 927 1131 991 edito
1185 943 1282 1010 rupto
1302 931 1403 1006 qussi
1419 929 1556 992 Phoeni.

384 1035 553 1120 Elagabsli
588 1032 748 1116 imperio,
786 1043 960 1116 antequem
992 1029 1129 1094 decreto
1248 1029 1400 1114 Spectata
1439 1027 1621 1114 epigraphe
1668 1027 1930 1108 observandem,

384 1139 518 1222 publico
543 1134 725 1219 privilegiis
753 1131 819 1195 sois
846 1131 1049 1196 exciderent.
1086 1131 1130 1194 lis
1187 1129 1432 1217 erbisejnsqne
1452 1132 1624 1195 titulorum
1644 1132 1776 1194 nonnius
1796 1151 1932 1216 semper

383 1239 491 1304 adhuc
523 1237 666 1301 orruisse
698 1234 864 1318 principio
894 1233 1026 1316 imperii
1053 1233 1131 1297 Ale·
1185 1233 1302 1296 Latine
1323 1233 1440 1311 scribi,
1470 1248 1502 1297 at
1526 1234 1654 1296 Graece
1679 1233 1766 1297 veris
1791 1233 1855 1297 alia
1875 1253 1933 1296 vo·

314 1335 323 1350 ’
386 1341 520 1417 sundri,
552 1337 650 1402 docet
676 1359 792 1398 numus
819 1338 987 1399 Mamaeae
1015 1347 1129 1399 vetere
1186 1334 1301 1400 cebels
1317 1331 1426 1400 arcani
1443 1335 1635 1416 insidentis,
1657 1348 1693 1400 ut
1717 1353 1795 1398 mox
1815 1333 1931 1400 videre

387 1441 493 1506 adhuc
527 1441 612 1524 stylo
644 1439 839 1522 inscriptos:
883 1437 1129 1505 Tmlottvtt.
1186 1435 1310 1503 licebit.

387 1543 595 1626 (Theopoli.)
626 1542 752 1608 Verum
773 1539 966 1622 indulgente
990 1539 1130 1624 Alexan·
1555 1575 1574 1612 ,

387 1646 449 1708 dro
481 1644 629 1708 testinata
662 1642 763 1704 fuisse
799 1638 971 1722 privilegia
1000 1655 1129 1718 vetera,
1448 1623 1468 1662 ⁸
1658 1623 1678 1661 ⁴

387 1745 510 1809 docent
540 1745 631 1806 nomi
657 1763 770 1806 rursus
791 1741 939 1824 inscripti
960 1743 1129 1805 mentione
1253 1743 1340 1828 'Iypi
1359 1741 1533 1806 admodum
1555 1743 1637 1808 varii
1654 1755 1729 1805 snut
1749 1755 1783 1806 et
1800 1741 1931 1804 feniles

387 1839 550 1912 coloniae
565 1859 600 1911 ct
628 1844 852 1928 metropoleon
873 1863 978 1926 usque
999 1843 1034 1903 in
1055 1841 1130 1905 Gal·
1185 1843 1280 1906 iactis
1304 1865 1345 1906 ex
1368 1843 1505 1907 historia
1531 1858 1567 1931 et
1595 1845 1797 1930 mythologie
1823 1845 1933 1906 dome·

386 1949 469 2013 lieni
490 1947 675 2032 imperium.
706 1947 812 2027 Hujus
830 1944 970 2028 nagussi
991 1945 1151 2028 singule·
1187 1947 1267 2009 oties
1287 1947 1409 2030 petitis.
1669 1997 1681 2020 ,

387 2029 459 2115 rem
479 2071 577 2113 unum
596 2047 698 2129 edidit
715 2047 931 2110 Pellesiniuss
955 2047 994 2126 (l.
1011 2047 1056 2128 c.)
1250 2043 1446 2112 ΔΕΙΔΩΝ.
1476 2049 1567 2111 Dido
1589 2060 1685 2110 stans
1705 2072 1732 2111 s.
1747 2061 1931 2131 stephan,

452 2153 546 2218 SEP.
563 2149 697 2215 Tmo,
713 2149 913 2215 nntnot’.
937 2145 1037 2212 COL.
1060 2145 1132 2209 PE·
1183 2171 1244 2234 pro
1263 2151 1402 2232 pedibus
1426 2169 1533 2232 parco
1548 2147 1686 2233 figm,
1714 2171 1800 2231 quoe
1822 2151 1934 2233 ligom

387 2253 472 2316 itte.
1187 2263 1308 2313 terram
1334 2253 1462 2336 aperire
1488 2253 1634 2326 videtur,
1665 2255 1702 2313 in
1726 2271 1807 2313 crea
1830 2263 1932 2333 porto

450 2352 600 2422 Verbum
627 2353 769 2420 PENIC.
801 2351 939 2415 barbare
972 2347 1130 2432 scriptum
1187 2353 1294 2428 artis,
1316 2355 1373 2414 cui
1387 2354 1509 2414 insidet
1519 2351 1638 2441 figora
1654 2355 1750 2433 operi
1758 2353 1933 2434 faciendo,

387 2457 569 2541 suspicatur
597 2455 648 2519 vir
680 2475 778 2537 sagax
808 2474 870 2536 pro
901 2453 1130 2530 moeste..
1186 2467 1225 2514 ut
1248 2456 1392 2531 videtur,
1429 2455 1576 2526 intente,
1605 2453 1792 2535 Elrgsbsli3
1822 2453 1934 2516 ossei·

388 2579 454 2640 quo
484 2559 622 2618 innuere
648 2555 842 2619 videbantur
867 2555 977 2637 Tyrii,
1013 2556 1130 2617 urbem
1187 2555 1267 2626 liae,
1289 2554 1464 2622 Valeriani.
1488 2553 1620 2636 (Vaill.)

354 2724 358 2732 ,
388 2679 476 2720 suam
495 2655 694 2740 postliminio
710 2657 915 2716 constitutam
935 2658 1131 2738 metropolin
1249 2654 1345 2716 Haud
1364 2655 1462 2718 dnbio
1480 2655 1544 2718 hoc
1563 2668 1641 2739 typo
1660 2655 1823 2718 indicatur
1844 2655 1932 2716 Dido

387 2759 552 2821 coloniam
572 2757 767 2832 Phoenices,
791 2769 826 2818 et
848 2757 909 2818 sibi
929 2777 1041 2820 rursus
1058 2755 1132 2819 sub·
1184 2755 1392 2840 Carthaginis
1420 2781 1438 2820 a
1468 2777 1503 2819 sc
1535 2757 1704 2833 conditae,
1747 2769 1781 2818 et
1810 2755 1934 2819 nobilis

387 2859 506 2942 jectam
528 2857 688 2920 aemulam
715 2855 883 2923 Sidonem.
916 2859 1001 2920 Sanc
1023 2858 1132 2921 adem·
1184 2859 1364 2940 Tyriorum
1385 2857 1534 2921 coloniae
1550 2857 1809 2920 substructiones
1829 2855 1935 2939 impe·

387 2973 462 3044 ptos
488 2959 563 3022 linio
589 2957 698 3021 denuo
721 2959 865 3022 honores
887 2959 946 3021 lios
968 2973 1130 3043 tempora·
1184 2977 1271 3020 rans.
1318 2961 1353 3019 ln
1384 2958 1500 3022 eadem
1528 2979 1659 3023 mecum
1692 2959 1854 3022 sententia
1882 2972 1935 3020 est

386 3063 472 3136 rios,
494 3062 570 3123 satis
588 3061 639 3124 vel
658 3061 822 3124 exnnmis
840 3059 1018 3145 colligitur.
1047 3063 1128 3124 Nam
1184 3059 1386 3123 Pellerinins
1424 3060 1515 3124 edito
1552 3061 1652 3123 simili
1682 3061 1829 3144 Philippi
1864 3060 1931 3144 jas.

389 3183 472 3258 quae
502 3161 561 3222 sub
590 3161 758 3246 Elagabali
785 3163 945 3246 imperio,
964 3178 1010 3226 ‘et
1037 3163 1131 3226 initio
1185 3182 1286 3224 numo
1307 3161 1351 3244 b).
1380 3163 1508 3226 Eodem
1529 3163 1692 3246 pertinet:
1725 3165 1816 3225 Dido
1837 3175 1934 3225 stans

388 3263 569 3327 Alexandri
589 3265 722 3346 ingente
741 3285 879 3326 numero
895 3285 1011 3326 numos
1027 3265 1132 3346 signe·
1187 3287 1214 3328 s.
1232 3277 1410 3346 sceptrum,
1433 3277 1576 3346 quotuor
1596 3267 1679 3328 viris
1698 3267 1826 3346 tegetis
1841 3264 1933 3324 onln-

388 3365 451 3440 vit,
479 3363 593 3426 eadem
617 3365 676 3426 sub
698 3363 908 3450 sequentibus
928 3364 1133 3448 imperatori·
1188 3387 1262 3428 men
1275 3368 1439 3448 porrigit,
1454 3365 1601 3450 Philippi
1616 3385 1687 3432 aen.
1703 3379 1738 3428 et
1752 3365 1934 3432 Volusiani.

387 3465 449 3529 hus
468 3467 592 3528 nullutn
613 3487 671 3528 sen
689 3486 781 3542 cum,
808 3485 867 3528 seu
889 3466 959 3528 sine
982 3457 1131 3530 coloniae
1187 3467 1320 3550 (Vsitl.)
1354 3467 1475 3530 Censet
1495 3480 1627 3545 unctor,
1656 3468 1808 3532 exhiberi
1828 3467 1935 3530 Dido·

389 3569 557 3630 mentione
576 3569 711 3651 amplius
730 3567 866 3651 protulit
881 3567 1014 3653 dempto
1032 3589 1131 3630 nomo
1184 3589 1284 3645 nem,
1323 3590 1406 3653 quae
1442 3569 1522 3634 viris
1556 3569 1756 3656 primoribus
1788 3589 1851 3633 een
1880 3569 1937 3630 Li·

389 3669 605 3745 Etruscillae,
631 3673 687 3754 qui
703 3670 821 3732 citatur
838 3670 871 3731 in
890 3691 1004 3732 musco
1024 3665 1132 3733 Th'eo·
1188 3671 1288 3752 hyae,
1318 3692 1376 3734 sen
1397 3671 1507 3754 Tyriis
1529 3691 1640 3734 secum
1662 3669 1812 3754 prologis
1841 3671 1933 3732 urbis

387 3771 477 3854 poli,
508 3770 567 3834 aed
595 3771 629 3832 in
658 3791 722 3855 quo
753 3771 884 3834 videtur
897 3771 988 3836 'male
1009 3771 1131 3836 lectum
1182 3791 1292 3835 novae
1324 3773 1591 3858 ichnographiam
1622 3772 1729 3835 tradit.
1774 3776 1812 3832 ln
1844 3771 1934 3834 eliis:

390 3873 594 3948 Etruscan,
616 3873 686 3935 fors
705 3893 765 3955 pro
784 3873 941 3952 Aquilio.
1189 3876 1279 3935 Dido
1298 3889 1393 3937 stans
1405 3875 1507 3952 jueta
1524 3881 1635 3938 nanim
1651 3879 1683 3935 d.
1699 3876 1933 3946 montolium,

453 3972 506 4032 Ad
528 3971 663 4034 verbum
686 3975 826 4038 PENIC.
854 3988 890 4037 ut
918 3973 1067 4050 redeam,
1095 3987 1132 4034 nt
1187 3975 1333 4059 Phsstppi
1360 3995 1429 4040 sen.
1456 3977 1588 4058 (Valli.)
1625 3975 1792 4038 Didonem
1820 3975 1856 4036 in
1884 3975 1934 4036 st-

389 4073 563 4136 harbarum
580 4074 885 4150 eat,lrabettamcn
902 4077 1133 4139 rationemve·
1188 4077 1283 4140 donis
1320 4098 1450 4161 quoqne
1484 4079 1590 4140 numia
1619 4078 1823 4162 propositam
1854 4075 1935 4142 ridi·

390 4173 527 4250 tnstatis‚
547 4197 621 4236 nam
640 4197 721 4260 quae
741 4179 847 4240 serius
863 4180 1035 4250 Phoenice,
1053 4175 1132 4240 olim
1188 4200 1270 4246 mus.
1307 4181 1487 4262 Virgilius,
1518 4179 1574 4265 qni
1602 4201 1673 4243 eam
1704 4182 1797 4261 Tyro
1823 4177 1936 4262 proie-

386 4276 478 4340 dicta
496 4291 545 4341 est
564 4281 718 4354 Poenico,
742 4301 839 4364 quem
854 4278 1066 4343 archaismum
1081 4298 1133 4342 rc·
1188 4293 1273 4345 ctam
1296 4280 1409 4359 docet,
1430 4297 1539 4346 tamen
1563 4281 1737 4346 Sidonium
1758 4281 1859 4344 etiam
1882 4303 1936 4364 sp-

392 4377 520 4441 tinuere
545 4378 654 4440 coloni
678 4380 960 4466 Carthaginienses
979 4403 997 4443 a
1014 4381 1133 4444 Roma·
1187 4384 1305 4467 pellet,
1328 4405 1393 4447 non
1414 4405 1480 4447 uno
1502 4383 1565 4447 hoc
1587 4381 1741 4466 exemplo
1763 4385 1935 4466 utriusque

392 4479 442 4540 nis
458 4493 645 4548 constanter
661 4479 739 4544 dicti
756 4485 869 4560 Poeni,
888 4483 973 4544 unde
990 4483 1133 4546 etdncta
1188 4485 1279 4549 urbis
1308 4509 1326 4550 ι
1362 4487 1526 4552 veteribus
1558 4483 1736 4563 confusae,
1774 4500 1814 4548 ut
1850 4487 1938 4548 dice·

391 4599 455 4642 vox
480 4583 628 4646 Punicus
651 4582 836 4662 recentior,
867 4597 902 4646 ut
926 4583 1048 4648 dictum
1072 4583 1134 4647 tais
1189 4600 1252 4649 ter.

429 4792 460 4858 a)
483 4791 595 4848 Comm.
614 4791 694 4852 hv.
713 4796 741 4861 ln
759 4794 887 4852 Hieroni.
905 4808 967 4858 c.5·
1040 4797 1078 4870 ln)
1100 4797 1202 4854 Mell.
1219 4811 1320 4875 ΜΨ·
