4196 5458
389 527 390 532 '
472 513 646 636 ,avan
670 541 1006 634 entnctevn
1041 545 1319 618 sennenn.

121 717 290 808 primum,
307 735 388 798 quae
409 727 498 778 certa
520 727 613 792 sunt,
634 715 868 779 commonstre-

126 841 214 896 mus,
243 819 349 900 iisque
372 817 537 892 fruamur,
566 815 685 878 deinde
710 815 868 880 edissera-

126 943 215 998 mus,
238 939 320 1005 quae
345 918 491 994 ineerta,
514 937 693 1000 eorumque
718 919 868 982 enuclea·

125 1028 250 1089 tionem
292 1021 516 1107 permittamus
552 1020 744 1104 posteritati.
802 1022 869 1081 Nu·

126 1128 235 1190 mulos
263 1125 323 1187 hoe
348 1143 421 1187 esse
443 1121 610 1200 ludaioos,
644 1120 784 1184 dubitari
812 1141 869 1181 ne·

127 1229 216 1316 quit,
251 1227 368 1314 partim
399 1223 486 1316 quod
516 1224 724 1286 animantium
755 1222 869 1298 absunt

127 1331 307 1414 imagines,
344 1326 460 1412 partim
489 1327 577 1411 qnod
601 1326 707 1388 literis
732 1326 870 1388 Samari·

129 1433 307 1516 tanis-sunt
328 1428 487 1512 inscripti.
530 1427 613 1490 Satis
640 1428 735 1490 etiam
757 1426 871 1491 verisi-

130 1533 229 1608 mita,
246 1513 381 1592 'nomina
398 1522 652 1591 ΒΑΣΙΛΕΩΣ
668 1526 873 1592 aenean-

125 1613 251 1696 'beot'
281 1651 347 1695 non
375 1627 625 1714 intelligendum
648 1617 871 1694 Alexandrum

132 1735 271 1818 Syrum,
293 1731 353 1796 aed
370 1751 486 1816 regem
507 1734 570 1796 boc
596 1734 727 1796 nomina
747 1730 874 1812 indige·

132 1861 216 1928 nam.
260 1837 397 1920 Exstant
432 1836 520 1912 enim
557 1835 681 1898 rumuli
718 1833 772 1896 alii
806 1852 873 1893 non

133 1941 270 2002 multum
295 1935 451 1998 absimilis
473 1937 626 2012 rationis,
656 1954 737 2017 qnos
767 1934 881 2016 proxi·⁴

25 2067 30 2078 ·
129 2063 185 2114 ¹me
204 2038 406 2114 recensebo,
429 2039 485 2122 qui
509 2052 600 2100 certe
624 2051 698 2098 sunt
717 2033 874 2118 Antigoni

129 2141 272 2230 ,Iudaeae
300 2141 414 2226 regis,
451 2151 485 2201 et
512 2137 589 2202 hinc
616 2138 706 2222 regis
742 2135 874 2221 qnidam

134 2265 254 2309 nomen
271 2242 399 2305 Graece
420 2240 595 2323 scriptum:
623 2235 875 2302 BAClAGssC.

135 2337 433 2434 ANTIFONOT,
460 2341 552 2406 illinc
573 2341 652 2403 item
674 2338 877 2424 epigraphen

135 2447 366 2512 Samaritarum
389 2441 555 2508 exhibent.
598 2442 644 2509 Vt
666 2462 748 2526 ergo
773 2443 806 2502 in
825 2441 877 2502 bis

134 2567 274 2616 necesse
303 2567 370 2610 non
400 2557 471 2620 est,
507 2558 657 2608 exterum
693 2544 877 2626 quempiam

135 2653 336 2734 Antigonum
348 2647 533 2730 respicere,
555 2647 602 2710 sic
616 2665 723 2729 neque
738 2645 772 2708 in
786 2663 880 2728 prae·

135 2754 283 2819 sentibus
310 2764 460 2812 exterum
482 2747 716 2812 Alexandrum.
759 2743 811 2808 Εἰ
831 2745 879 2808 bi·

136 2857 186 2920 nis
215 2850 412 2934 Alexandria
450 2849 632 2932 indigenis,
666 2871 747 2936 quos
782 2869 879 2932 supra

136 2954 338 3032 memoravi,
367 2951 476 3036 potius
494 2952 529 3013 in
554 2965 744 3036 praesentes
763 2970 879 3016 numos

138 3063 187 3142 jus
211 3057 299 3122 baud
326 3053 423 3116 dubie
449 3067 499 3116 eat
517 3055 706 3117 Alexandro
728 3055 880 3128 lannaeo,

137 3161 194 3248 qui
215 3161 305 3245 ipsos
327 3177 428 3222 annos
445 3156 578 3222 XXVII.
602 3176 706 3240 regno
723 3154 879 3237 praefuit.
929 3217 932 3224 ,

139 3263 214 3357 Quo
231 3262 338 3324 minus
354 3256 577 3336 Alexandrum
594 3257 732 3320 alterum
758 3255 879 3331 malim,

138 3367 171 3426 in
202 3383 302 3448 quem
331 3359 434 3445 magia
471 3358 605 3422 inclinat
639 3358 822 3440 Bayerius,
846 3357 880 3417 in

139 3485 235 3530 causa
257 3477 327 3540 est,
360 3461 449 3546 qnod
468 3460 497 3522 is
517 3458 648 3522 nonnisi
668 3481 730 3542 per
750 3455 881 3524 seditio-

139 3587 215 3630 nem
243 3564 395 3628 iudaeam
427 3563 608 3640 invaserat,
637 3581 764 3645 neque,
793 3559 882 3645 quod

138 3681 287 3744 constet,
310 3665 400 3750 regis
418 3683 539 3750 nomen
558 3665 690 3727 tulerat.
721 3663 881 3741 Diximus,

140 3771 195 3856 qui
213 3767 435 3832 Alexandrum
458 3767 575 3849 Syrum
596 3765 804 3848 praeierunt,
826 3785 885 3848 po·

139 3873 299 3938 tissimum
321 3883 398 3954 typo
415 3887 554 3932 ancorae
574 3867 645 3933 niti.
690 3869 765 3930 Non
786 3886 885 3950 repu-

140 3996 228 4060 gno,
257 3992 409 4059 ancoram
433 3967 605 4034 commode
631 3967 672 4032 ad
696 3969 808 4051 Syriae
832 3988 884 4030 re·

140 4099 219 4164 gem
239 4074 385 4150 referri,
415 4071 474 4136 sed
491 4073 542 4236 51⁰
569 4071 685 4149 etiam,
707 4069 810 4154 possa]
827 4070 884 4134 ille

141 4203 200 4244 seu
223 4197 367 4251 sacram,
401 4195 461 4238 seu
488 4171 701 4257 elegoricam
726 4172 886 4258 significa·

140 4285 265 4348 tionem
304 4275 489 4353 contineri,
524 4275 663 4360 perinde
705 4295 742 4340 ac
776 4276 885 4351 botro,

141 4383 312 4473 pampino,
340 4398 455 4454 ramo,
483 4377 606 4454 calice,
634 4377 760 4460 palma,
782 4398 819 4440 ao
844 4377 887 4442 si·

142 4485 283 4550 milibus.
328 4483 384 4545 Sic
417 4491 451 4542 et
476 4479 568 4542 numi
592 4478 775 4542 Tiberiadis
799 4479 887 4544 Gali·

143 4593 235 4654 taeae
257 4598 409 4672 aucorem
432 4569 548 4647 sistunt
568 4581 660 4646 nullo
678 4581 790 4666 utique
812 4601 886 4648 eum

143 4690 258 4782 Syriae
276 4687 377 4756 rebus
398 4705 496 4752 nexu.

405 4977 412 5014 l

1495 637 1499 651 .
1577 561 1665 646 'tato

935 767 937 774 Α
990 713 1158 807 Quodvad
1180 715 1364 780 Ionathanis
1396 736 1514 782 nomen
1540 715 1663 796 attinet,

924 815 1094 880 credamus
1112 817 1343 900 Bartbelemyo
1362 817 1544 897 adserenti,
1568 822 1667 884 mani-

924 917 1009 981 leste
1034 918 1116 980 illud
1144 921 1178 980 in
1204 921 1310 982 numia
1335 921 1401 981 auis
1422 921 1509 1004 legi,
1539 923 1667 985 tametsi
1736 953 1739 962 ·

924 1021 994 1103 ipse
1009 1041 1075 1083 aon
1097 1021 1248 1096 habeam,
1271 1043 1335 1104 quo
1356 1022 1443 1084 istud
1463 1021 1666 1096 confirmem.

924 1121 1039 1186 Habeo
1053 1137 1126 1186 ante
1145 1123 1258 1185 oculos
1274 1145 1388 1185 numos
1405 1125 1437 1184 id
1455 1145 1557 1205 genus
1575 1129 1668 1207 qnin-
1787 1135 1799 1144 “

925 1245 1005 1308 que,
1020 1223 1078 1288 sed
1093 1225 1126 1285 in
1142 1225 1256 1308 quibus
1275 1225 1422 1285 omnibns
1439 1225 1605 1287 literarum
1619 1247 1668 1286 ra·

926 1327 987 1388 diis
1006 1327 1260 1409 interceptarum
1283 1327 1391 1388 tenuia
1410 1339 1532 1388 tantum
1555 1349 1667 1412 snper·

925 1443 1000 1492 sunt
1016 1429 1162 1510 vestigia.
1207 1429 1275 1502 Sed
1296 1431 1367 1513 quis
1385 1427 1504 1490 deinde
1527 1431 1591 1490 erit
1611 1431 1668 1497 lto·

928 1551 1001 1594 rum
1041 1551 1214 1592 nnmerum
1251 1515 1429 1594 Ionatham?
1473 1532 1669 1616 Conjecerat

929 1633 1006 1695 olim
1033 1633 1303 1715 flardatemyus,
1334 1653 1407 1700 esse
1437 1633 1526 1715 ejus,
1557 1635 1611 1718 qui
1636 1635 1669 1694 in

929 1734 1066 1798 iudaeae
1097 1733 1277 1817 principatu
1315 1733 1451 1796 fratrem
1483 1737 1672 1816 Simeonem

928 1836 1119 1920 praecessit.
1158 1836 1283 1900 Verum
1310 1837 1443 1902 mutavit
1467 1839 1671 1914 sententiam,

931 1959 974 2001 ex
992 1958 1057 2020 quo
1075 1941 1107 1998 in
1125 1957 1224 1998 numo
1249 1957 1308 1998 suo
1328 1943 1419 2017 regis
1433 1939 1560 2000 titulum
1583 1943 1673 2004 lona·

932 2039 1020 2100 thani
1034 2037 1177 2100 additum
1193 2038 1290 2115 vidit,
1308 2058 1380 2100 cum
1396 2053 1522 2102 certum
1539 2043 1595 2116 ait,
1609 2044 1676 2123 pri·

932 2161 1021 2204 mum
1049 2141 1149 2202 inissa
1181 2141 1269 2201 inter
1293 2142 1533 2214 Hasamonaeoa
1561 2145 1673 2208 ludam

933 2241 1175 2318 Aristobnlnm,
1198 2243 1254 2325 qui
1276 2241 1309 2302 in
1333 2244 1462 2326 regium
1484 2223 1604 2308 nomen
1626 2248 1675 2308 in·

932 2344 1063 2410 raserit.
1106 2345 1150 2405 At
1168 2344 1239 2426 quis
1257 2343 1310 2405 hic
1328 2365 1387 2406 rex
1405 2345 1577 2424 Ionatham,
1598 2368 1674 2411 cum

930 2445 976 2509 de
995 2445 1126 2516 ludaico
1140 2444 1236 2528 hujus
1253 2444 1392 2508 nominis
1410 2465 1492 2530 rege
1514 2468 1580 2510 non
1599 2471 1675 2514 oon·

934 2547 1024 2610 atet?
1052 2545 1209 2608 Iudicium
1235 2535 1322 2608 istud
1347 2567 1435 2610 meas
1460 2549 1547 2612 vires
1578 2573 1673 2616 esee-

935 2650 1017 2714 dere
1029 2661 1118 2712 tanto
1132 2646 1238 2710 fateor
1252 2648 1434 2726 lubentius,
1450 2665 1568 2732 quanto
1583 2676 1676 2738 aper·

934 2753 999 2816 tina
1015 2748 1182 2834 professus
1202 2761 1252 2810 est
1270 2750 1519 2833 Barthelemyns
1538 2755 1608 2838 ipse
1625 2777 1677 2819 re·

936 2853 983 2938 gii
1003 2853 1099 2933 hujus
1120 2852 1210 2913 numi
1232 2871 1352 2933 praeco
1371 2866 1404 2914 et
1423 2852 1540 2930 index,
1562 2857 1603 2919 ad
1623 2877 1678 2920 ett-

935 2955 1122 3042 plicandum
1140 2955 1204 3017 boc
1220 2952 1353 3016 dubium
1368 2967 1501 3036 praeter
1514 2960 1679 3042 conjectu-

935 3081 989 3122 ras
1003 3057 1085 3118 nihil
1101 3055 1164 3118 sibi
1179 3067 1310 3138 praesto
1328 3075 1414 3120 esse.

1194 3155 1420 3239 ι”ι

1000 3256 1190 3324 Alexandro
1203 3259 1340 3320 lannaeo
1354 3277 1469 3320 numos
1485 3258 1565 3322 alios
1578 3261 1680 3344 Bays·

936 3365 1005 3428 rius
1022 3361 1100 3425 olim
1115 3379 1176 3442 per
1186 3359 1407 3442 conjecturam
1423 3360 1603 3446 adscripsit,
1620 3362 1680 3426 sed

937 3459 1125 3528 retractavit
1150 3459 1274 3536 serius,
1300 3460 1500 3527 ut·diximus
1522 3485 1619 3548 supra
1645 3467 1680 3526 in

938 3566 1045 3629 numis
1060 3561 1233 3625 Hebraicis
1252 3559 1371 3631 dubiis.

1199 3665 1425 3750 *⁸*

1003 3765 1191 3832 Alexandro
1203 3769 1344 3832 lannaeo
1360 3767 1393 3827 in
1407 3763 1596 3850 pontificatu
1610 3787 1681 3831 suc·

941 3869 1028 3936 cedit
1048 3867 1134 3932 lilius
1151 3869 1347 3951 Hyrcanas,
1369 3867 1429 3932 sed
1453 3887 1495 3932 eo
1517 3869 1611 3932 ricto
1629 3889 1682 3932 re·

941 3994 1040 4059 gnum
1059 3983 1195 4054 occupat
1210 3968 1314 4032 irater
1329 3970 1607 4034 AristobulusII.
1639 3973 1683 4034 At

940 4073 1116 4158 Pompejos
1150 4083 1219 4132 tum
1249 4069 1399 4134 Damasci
1430 4090 1530 4154 agens
1566 4071 1683 4134 auditis

941 4178 1109 4260 utriusque
1126 4171 1235 4234 fratris
1253 4157 1376 4252 juribus
1395 4173 1581 4254 Hyrcanum
1605 4193 1684 4258 pou·

933 4279 1081 4359 ¹silicem,
1109 4273 1314 4358 sedeboque
1341 4273 1430 4357 regis
1451 4276 1583 4340 nomina
1607 4293 1684 4339 oon·

942 4380 1067 4457 stituit,
1103 4374 1330 4441 Aristobnlum
1370 4395 1444 4440 cum
1493 4375 1569 4439 liliis
1607 4377 1686 4440 ata-

941 4481 1067 4548 xanslro
1110 4493 1144 4544 et
1173 4477 1338 4561 Antigono
1380 4491 1508 4560 captum
1545 4479 1685 4542 Romam

944 4581 1084 4648 abducit.
1128 4581 1297 4644 Libertate
1327 4576 1464 4642 subinde
1495 4601 1514 4642 a
1545 4578 1685 4644 Caesare

867 4761 870 4768 ¹
945 4683 1076 4764 donati,
1109 4695 1144 4748 et
1167 4685 1202 4746 in
1222 4681 1373 4748 Iudaeam
1394 4679 1536 4748 reduces
1562 4683 1687 4748 Aristo·
