4286 5478
798 565 1033 644 AMBIA.

140 737 333 813 antiquam,
355 734 470 814 quippe
486 751 508 790 u
528 731 646 796 Severo
661 733 755 816 Aug.
775 737 889 799 contii·

141 845 223 898 tuna.
245 833 404 898 Coloniae
421 853 504 915 ergo
519 832 609 896 numi
623 847 697 898 aunt
713 833 754 900 ab
768 835 888 922 maga·
1012 839 1114 924 lypir

141 935 218 1000 balo
232 957 336 1016 utque
356 933 395 996 ad
410 935 560 1000 Decium.
1008 937 1148 1005 TTXH.
1167 941 1686 1018 Neac.TPA1aNHc.Boc.

205 1037 413 1102 comitia,
431 1035 621 1099 noema,
644 1036 678 1098 in
693 1037 800 1105 variis.
944 1039 1076 1110 TPAC.
1122 1046 1254 1108 Mulier
1274 1060 1369 1110 staur
1388 1050 1421 1114 d.
1449 1063 1638 1132 tropaeum,
1657 1077 1686 1121 a.

205 1141 247 1206 N.
266 1139 366 1204 TRA.
383 1137 574 1206 BOSTRA.
597 1137 778 1226 Elagabali.
796 1141 888 1223 (Pet
942 1147 1177 1225 cornucopiue,
1196 1149 1277 1227 pede
1292 1168 1415 1230 prorue
1430 1153 1605 1231 imposito,
1623 1157 1689 1218 Au·

140 1241 258 1322 lerin.)
943 1244 1058 1308 tonini.
1081 1245 1245 1325 (Pellerin
1259 1247 1339 1312 lieo.
1352 1251 1407 1315 111.
1430 1273 1461 1334 p.
1473 1255 1562 1336 244.)

203 1345 245 1405 N.
268 1343 337 1406 m
366 1339 757 1408 ALEXANDRIANAE.
785 1338 887 1407 cot..
1006 1341 1150 1408 TTXH.
1169 1345 1571 1422 itt-:autentorum
1610 1355 1692 1421 Mu·

138 1444 271 1510 nost.
295 1441 475 1506 Alexandri
502 1456 535 1506 et
557 1445 733 1506 Mamaeae.
757 1442 887 1525 (vain.)
943 1446 1009 1510 liar
1029 1451 1152 1510 turrito
1176 1462 1271 1512 stunt
1293 1453 1325 1515 d.
1350 1455 1471 1516 innixa
1495 1457 1636 1535 tustra,
1661 1479 1689 1523 s.

203 1543 819 1610 cot..ttETtt0POL18.BOSTRA.
837 1543 886 1606 iu·
939 1551 1026 1612 dues
1044 1553 1173 1632 spicas,
1192 1549 1365 1616 Fauatinae
1382 1575 1453 1620 aen.
1476 1557 1667 1640 (Palloriu.)

138 1647 183 1712 de
204 1671 223 1712 e
242 1647 405 1730 Philippo.
1003 1649 1152 1734 Δηὼ
1175 1648 1316 1717 ΤΤΧΗ.
1338 1651 1575 1720 ΒΟΟΤΡΩΝ.
1626 1662 1689 1723 Ca·

204 1747 396 1833 Epigraphe
426 1745 515 1808 numi
543 1745 759 1810 Pelleriniani
786 1766 885 1830 aupru
937 1765 1001 1836 put
1025 1753 1185 1814 muliebre
1213 1757 1397 1833 turritum,
1424 1775 1511 1841 pona
1533 1780 1690 1825 cornuue·

139 1847 394 1916 citati2NeAc.
408 1845 885 1915 TPAIANHCAEOCTPAC.
939 1857 1036 1937 pior,
1054 1853 1253 1918 caracallae.
1276 1855 1407 1939 (Valli.)

141 1968 290 2018 veterem
314 1951 405 2012 litem
424 1949 568 2013 feliciter
592 1951 769 2033 componit.
803 1951 886 2013 Nam
1006 1953 1069 2016 Hir
1092 1973 1177 2038 ergo
1197 1955 1281 2038 typia
1299 1957 1397 2020 Bona
1422 1960 1572 2026 Fortuna
1597 1961 1688 2029 urbia

140 2054 335 2124 Vaillantiua
356 2073 455 2118 voees
478 2049 660 2114 decurtatae
680 2047 756 2117 Ne.
779 2049 886 2120 TPA.
942 2055 1158 2140 proponitur,
1179 2055 1222 2120 de
1237 2078 1301 2141 qua
1318 2059 1398 2124 olim
1413 2061 1516 2126 iuaiua
1534 2063 1589 2147 egi
1604 2067 1648 2146 ⁸).

139 2158 175 2219 in
193 2157 351 2232 Graecia,
381 2167 436 2216 aut
459 2154 500 2218 N.
533 2153 602 2212 TR.
626 2152 660 2212 in
682 2150 807 2216 Latinia
829 2173 887 2217 ex·
1008 2159 1152 2222 Astarte
1177 2173 1273 2222 stans
1295 2164 1333 2222 in
1355 2166 1475 2244 templo
1496 2167 1530 2230 d.
1556 2167 1690 2230 hortum
1800 2173 1803 2178 '

140 2261 245 2344 plauit
262 2255 424 2342 legendo:
448 2253 581 2334 NEeaaa
597 2251 769 2330 TPAraaq.
798 2253 888 2318 Feli·
942 2279 1040 2322 eruca
1062 2259 1273 2344 praefixam,
1302 2285 1330 2325 s.
1357 2269 1595 2342 cornucopiua,
1627 2287 1689 2348 pro

139 2363 210 2426 eiua
239 2359 448 2436 Hurduinua,
477 2355 565 2440 quod
596 2369 732 2418 eventus
764 2355 886 2434 docuit,
939 2361 1077 2442 pedibus
1093 2363 1157 2422 duo
1178 2363 1355 2436 Centauri,
1373 2363 1406 2426 in
1422 2385 1522 2428 numo
1536 2366 1687 2430 coloniae

141 2460 426 2546 NEu'legendum
451 2457 589 2522 cenauit.
633 2460 756 2521 Tamen
780 2458 886 2522 aeriua
940 2463 1118 2524 Mamaeae.
1142 2462 1273 2546 (Vaill.)
1312 2465 1438 2528 Eodem
1458 2470 1570 2530 eodem
1590 2469 1687 2532 modo

140 2565 308 2634 Vaillantii
326 2583 476 2626 errorem
492 2559 678 2643 amplexum
692 2573 827 2643 apparet
844 2581 886 2624 ex
942 2579 1037 2627 stans
1060 2567 1096 2626 iu
1119 2567 1257 2645 temple,
1279 2569 1324 2630 ud
1340 2567 1411 2646 ejus
1423 2549 1528 2649 pedes‘
1543 2568 1687 2645 Silenus,

141 2669 212 2750 ejua
229 2666 337 2730 numia
355 2663 482 2728 urbium
504 2661 672 2725 illuatratia
695 2682 798 2726 uotae
818 2661 886 2725 edi·
942 2665 1048 2730 Decii.
1076 2665 1267 2749 (Pellorin.)

140 2769 252 2836 tionia.
273 2768 423 2850 Analoge
444 2787 525 2850 ergo
545 2766 575 2827 tt
591 2764 741 2850 Latipnm
754 2778 808 2828 eat
820 2763 886 2830 Nc·
1006 2769 1058 2830 De
1083 2768 1144 2832 hae
1165 2768 1296 2832 Astarte
1321 2767 1356 2830 in
1380 2770 1486 2832 numia
1512 2769 1689 2833 aduiteram

142 2895 195 2936 vu.
225 2873 277 2934 Ex
292 2889 390 2932 numo
407 2867 602 2943 Faustinae,
622 2867 656 2926 in
673 2885 737 2949 quo
753 2864 885 2931 Neac.
941 2870 1114 2954 regionum
1130 2869 1226 2936 obvia
1242 2869 1355 2934 dicere
1371 2871 1466 2954 plura
1481 2891 1547 2934 non
1562 2872 1687 2938 attinet.

142 2967 395 3044 TPAIANHC,
414 2971 535 3056 abique
549 2965 757 3030 BOCTPAC
775 2967 889 3030 aerihi·
1010 2975 1182 3048 Gamales,
1204 2983 1318 3034 notum
1331 2971 1472 3036 Arabiae
1494 2972 1687 3054 aymbolnm,

141 3091 213 3152 tur,
236 3075 442 3164 colligimua,
462 3071 538 3135 nrbi
560 3069 681 3133 abolito
704 3069 818 3133 aaltem
838 3087 887 3131 ae·
941 3071 1125 3138 Commodi.
1150 3071 1280 3156 (Valli.)

141 3177 284 3244 cundum
302 3176 442 3258 primum
463 3175 645 3238 institutum
666 3174 804 3236 Boatrae
830 3189 887 3233 no·
1010 3177 1118 3258 Caput
1132 3175 1291 3236 muliebre
1308 3175 1486 3251 turritum,
1510 3195 1598 3258 pona
1618 3195 1688 3238 cor.

126 3283 229 3345 .mino
245 3277 382 3342 inditum
399 3278 499 3340 tniaaa
520 3275 657 3340 alterum
676 3273 790 3338 Nouae
810 3271 887 3336 Tru·
943 3280 1120 3356 nueoplua,
1139 3277 1318 3340 Mamaeae.
1341 3273 1472 3358 (vaitt.)

136 3387 257 3466 janua,
274 3401 394 3446 uerum
409 3379 590 3464 oppidanoa
609 3390 702 3442 vetua
720 3396 812 3439 anum
831 3371 888 3438 de·
1027 3379 1089 3443 Eat
1116 3391 1212 3463 eaput
1231 3377 1398 3441 Fortunae
1427 3375 1591 3456 eivitatia,
1627 3397 1687 3446 aen

139 3505 208 3549 nuo
230 3483 439 3568 reapexiaae,
470 3502 507 3546 ao
530 3495 598 3542 tum
623 3499 721 3543 voeea
749 3475 885 3543 NGAC.
943 3479 1063 3568 Τυχης.
1233 3551 1236 3557 ,

143 3581 395 3648 TPAIANHC.
439 3585 474 3644 in
521 3581 664 3664 epitheta
706 3577 886 3642 honorifica
1018 3583 1164 3646 Colonus
1182 3599 1301 3656 urum,
1324 3577 1475 3658 Silenus,
1495 3580 1685 3647 Alexandri.

140 3685 341 3752 tramiviaae.
395 3685 462 3748 Cur
504 3685 586 3748 haee
625 3681 763 3763 Traiana
800 3680 886 3744 dieta
942 3683 1074 3766 (vattt.)

139 3787 378 3864 uariatione,
406 3783 719 3848 decideredislioile
742 3795 803 3848 eat.
848 3781 885 3844 Si
917 3855 920 3862 Ι
998 3785 1147 3849 Silenum
1157 3801 1256 3845 numo
1265 3781 1400 3846 inlatum
1410 3782 1685 3868 atatuitBelleyna

142 3890 302 3972 Traianae
318 3889 502 3972 linguatae,
521 3907 659 3972 quarum
681 3906 744 3948 unu
769 3887 802 3946 in
822 3885 886 3948 Da·
942 3887 985 3952 ob
1000 3887 1067 3954 vini
1083 3885 1123 3949 ad
1137 3887 1287 3948 Bostram
1304 3885 1408 3948 laetoa
1422 3897 1610 3968 proventui.
1640 3889 1685 3951 At

138 3993 213 4070 oia,
229 3991 337 4056 altera
365 3993 400 4054 in
422 3990 560 4054 Thracia
583 3989 693 4066 atatit,
719 3988 810 4072 priua
836 3987 903 4074 aio·
940 4009 1008 4054 non
1037 3985 1178 4053 adventa
1207 3985 1370 4065 animum,
1400 3987 1488 4050 launo
1518 3985 1684 4054 deeatrum

139 4095 237 4159 fuere
261 4093 504 4178 compellatae,
537 4091 695 4154 habemur
722 4089 883 4154 rationem
941 4091 1074 4158 aelirum
1092 4108 1166 4155 aeae
1182 4089 1384 4154 coloniarum
1403 4101 1525 4174 typum.

140 4197 350 4284 expeditam,
375 4216 440 4260 our
473 4194 639 4278 poaterior
668 4193 750 4256 haee
772 4203 883 4256 noatra

139 4297 392 4364 Novaenomen
408 4297 587 4360 abatnlerit.
611 4291 676 4357 Sed
695 4293 759 4356 hoo
776 4293 883 4378 ipaum
1196 4321 1217 4360 a
1300 4271 1321 4311 *
1404 4319 1425 4360 a

138 4413 208 4478 eat,
230 4399 273 4462 de
292 4417 358 4484 quo
378 4397 500 4484 ambigi
521 4397 631 4481 poenit.
674 4395 761 4464 Vide
785 4397 883 4462 etiam
980 4397 1090 4460 Ludi:

139 4501 226 4568 inira
242 4501 277 4564 iu
294 4503 433 4587 apocha:
590 4537 598 4556 ·
983 4495 1141 4562 ΑΚΤΙΑ.
1154 4491 1682 4574 uotcaeta.tarra00roaam,

179 4805 211 4878 a)
230 4803 318 4866 Num.
333 4815 391 4864 vet.
409 4823 442 4883 p·
459 4813 519 4870 tet·
