4196 5458
739 534 991 650 lVDAEA·2
1251 522 1256 533 ’
1439 559 1442 562 ·
1560 475 1711 634 utri,

92 711 217 773 lenitus
230 707 390 771 ltine-suu
403 716 550 790 tempora
563 715 749 770 numerant.
769 705 836 782 lie·
892 717 1095 785 namuoout,
1120 705 1271 802 quoniam
1291 709 1357 776 hoe
1374 709 1510 798 *qnoque
1529 733 1631 790 anno,

93 808 233 895 spondet
248 821 357 898 autem
371 807 425 871 hic
439 812 541 870 annus
554 828 637 872 anno
653 809 695 876 V.
708 807 744 872 C.
761 806 834 873 650.
893 821 947 872 aot
970 821 1127 894 sequente
1145 811 1321 894 Pompejus
1337 813 1483 898 Raphiae
1508 815 1631 880 uicinae
1725 847 1742 872 s
1765 885 1769 892 ,

93 912 183 975 ldem
208 909 407 995 principium
430 910 596 974 stabiliunt
622 909 732 985 numi3
760 931 835 972 uam
866 909 1260 1006 ‘libertatemcuncessia
1275 930 1520 1000 propterquam
1534 918 1632 980 etiam

93 1034 212 1078 numus
232 1011 424 1096 Vespasiani
447 1033 521 1078 uum
547 1030 631 1075 auno
652 1007 770 1088 BOP„
802 1023 845 1074 et*
892 1011 974 1075 haec
994 1033 1103 1082 aeram
1126 1014 1286 1096 auspicata
1307 1030 1358 1080 eet
1378 1017 1418 1080 ab
1440 1018 1632 1088 annoV.C.

87 1112 267 1200 'Elagnbeli
284 1133 360 1176 cum
375 1133 461 1178 anuo
479 1112 582 1178 ΛΚΤ.
596 1113 748 1196 probant,
763 1133 854 1180 eatu¹
893 1113 955 1194 607
979 1111 1022 1194 ἀ).
1059 1117 1103 1176 At
1124 1115 1248 1200 fallitur
1270 1116 1322 1182 tit
1342 1119 1499 1185 eruditus.
1537 1119 1634 1185 Pom·

93 1237 160 1281 non
183 1214 330 1301 potuisse
347 1213 500 1299 incipere
524 1213 636 1290 citius,
663 1229 698 1278 et
720 1221 851 1279 numus‘
893 1214 987 1298 pejus
1017 1215 1104 1277 enim
1136 1237 1202 1279 non
1232 1219 1322 1280 annis
1349 1219 1391 1286 V.
1414 1223 1451 1284 C.
1482 1223 1562 1305 696,
1600 1237 1634 1288 aa

95 1323 240 1388 Neronia
256 1341 330 1385 cum
348 1337 433 1381 anuo
448 1311 543 1378 AOP
558 1329 592 1378 ot
605 1315 689 1379 alter
706 1316 838 1401 Trajani
894 1315 972 1399 607,
1002 1318 1117 1402 quibas
1140 1317 1207 1401 ipsi
1235 1339 1308 1382 com
1329 1319 1428 1384 rebus
1450 1322 1564 1404 Syriae
1580 1325 1644 1386 nis

98 1447 175 1492 eum
204 1444 290 1488 eune
313 1418 399 1498 ΚΣ,
427 1438 493 1481 non
518 1418 663 1502 potuisse
690 1415 836 1503 incipere
877 1415 941 1479 'hit
970 1417 1108 1501 amplius
1136 1419 1262 1502 negotii
1284 1420 1365 1499 luit,
1398 1423 1458 1487 sed
1485 1426 1543 1508 hot
1570 1427 1635 1490 lla·

96 1527 214 1592 mrim.
259 1527 395 1589 Causam
426 1519 619 1584 constitutae
648 1541 744 1584 aerae
772 1541 838 1583 non
876 1517 1003 1602 'phium
1024 1535 1057 1582 et
1074 1521 1194 1585 vioinas
1211 1523 1310 1585 nrbes
1328 1523 1453 1614 liberas
1475 1547 1548 1591 esse
1566 1527 1644 1610 iuss

97 1627 245 1712 produnt
261 1639 427 1700 auctores,
451 1620 510 1685 sed
528 1621 625 1685 lacile
643 1635 693 1686 est
711 1643 783 1686 eam
797 1621 840 1685 ab
896 1624 948 1686 sit.
977 1621 1082 1684 Aliam
1106 1623 1265 1688 stabilitae
1287 1646 1383 1690 aerae
1409 1647 1537 1690 causam
1560 1647 1636 1711 seg·

97 1729 261 1814 exemplis
298 1726 505 1790 finitimarum
541 1725 673 1788 urbium
707 1721 840 1808 petere,
898 1724 985 1806 gerit
1003 1723 1161 1806 losephus
1182 1731 1224 1806 e).
1256 1727 1373 1791 Narrat
1394 1729 1438 1804 is,
1462 1727 1635 1792 Gabinium

98 1853 182 1920 quae
209 1849 350 1902 excusso
373 1823 623 1890 aelamitarum
651 1827 731 1910 jugo
753 1839 844 1888 ante·
898 1826 1011 1908 Syriae
1034 1826 1219 1910 praesidem
1236 1827 1377 1893 obivisse
1394 1829 1560 1905 iudaeam,
1585 1853 1638 1894 ut*

99 1933 243 1998 nuntiem
258 1931 322 1994 sihi
337 1930 460 1994 circum
477 1929 558 1992 haec
577 1941 726 2010 tempora
743 1946 843 2012 pepe·
900 1927 1024 2012 busque
1048 1948 1180 2010 eversas
1206 1929 1419 2010 instaurasse,
1448 1934 1536 1996 iuter
1560 1953 1638 2018 quas

100 2055 196 2114 rere,
223 2055 303 2120 quas
332 2033 420 2094 inter
447 2029 545 2094 etiam
567 2045 678 2094 nostra
702 2030 845 2094 Ascalon
900 2031 1044 2091 nominat
1074 2026 1268 2109 Samariam,
1306 2021 1465 2110 Azotum,
1504 2027 1667 2117 Scytho-¹

84 2119 314 2202 'numeranda
343 2133 465 2198 Docuit
480 2132 602 2217 'Pagina
625 2135 671 2214 ⁸),
696 2153 767 2197 eam
790 2131 847 2194 de·
900 2131 1008 2214 polin,
1031 2130 1278 2210 Anthedonem,
1301 2135 1477 2217 Raphiam‚
1492 2119 1639 2214 Dorum,

103 2241 285 2305 ducendam
310 2233 586 2312 ubArieteltulo,
608 2235 727 2319 quiex
747 2235 847 2297 Hasa·
891 2231 1087 2312 Alorissam,
1108 2227 1252 2312 Gazam,
1283 2247 1318 2298 et
1344 2235 1440 2314 elias,
1469 2251 1506 2300 ut
1532 2237 1639 2316 addit,

103 2347 317 2404 monacorum
338 2347 438 2420 geute
457 2337 581 2419 primus
603 2357 639 2398 se
663 2355 776 2420 regem
799 2333 847 2396 di·
902 2353 969 2397 non
995 2353 1123 2416 pancas.
1162 2338 1271 2400 Fuere
1302 2335 1364 2400 hae
1394 2338 1492 2402 urbes
1516 2341 1642 2422 cirum

104 2445 164 2506 xit.
194 2441 262 2504 set
285 2459 351 2502 non
374 2439 451 2501 satia
471 2437 658 2522 conspirant
680 2449 846 2522 tempora,
903 2437 1005 2518 ipsam
1026 2436 1219 2502 Ascalonem
1242 2437 1339 2515 sitae,
1363 2452 1403 2500 ot
1425 2439 1508 2504 adeo
1529 2441 1643 2506 verisi-

106 2563 189 2629 qnae
205 2543 278 2626 ipse
296 2541 375 2604 alibi
394 2539 526 2605 dictauit
543 2537 586 2622 b).
639 2561 643 2570 ’
904 2537 982 2600 mile
999 2537 1054 2613 sit,
1086 2558 1124 2602 ea
1145 2540 1316 2604 occasione
1337 2541 1490 2606 Ascaloni
1512 2562 1642 2628 quoque

167 2644 221 2708 Ad
249 2643 333 2706 hane
363 2642 522 2724 epocham
558 2639 655 2703 etiam
692 2637 849 2720 exigendi
905 2638 1028 2720 aliquid
1065 2635 1223 2702 'beneficii
1263 2641 1456 2724 impensum.
1510 2647 1645 2708 Certum

106 2746 322 2812 suntanniin
340 2741 491 2822 omuibus
514 2751 613 2827 supra
632 2738 739 2804 citatis
760 2753 849 2802 suto·
905 2755 1013 2804 antem
1039 2755 1109 2817 est,
1136 2725 1306 2806 Gabinium
1332 2765 1416 2806 enno
1444 2746 1486 2812 V.
1504 2747 1540 2808 C.
1569 2745 1663 2827 607,λ

106 2845 389 2914 nomiscontenti.
579 2869 583 2880 ’
718 2865 720 2870 ·
906 2856 1073 2928 postquam
1094 2845 1263 2906 consulatu
1287 2834 1444 2926 decessit,
1463 2848 1496 2910 in
1520 2847 1647 2930 Syrium

170 2959 307 3068 Epoeho
321 2983 388 3046 ΙΙΙ.
401 2979 554 3068 proditur
566 2980 600 3043 in
610 2943 734 3064 insigni
749 2997 848 3042 nomo
873 2961 881 2976 ¹
903 2945 1049 3063 ΨΜ·
1088 2946 1169 3061 Q
1197 2945 1297 3058 lssifflf
1326 2947 1390 3011 ¹¹⁰⁰
1417 2947 1647 3013 111110610ῡοίῖ-

108 3077 265 3170 Augnsti,
294 3104 392 3170 quem
410 3082 512 3147 edidit
527 3081 725 3146 Pellerinius
741 3082 788 3164 ⁰),
814 3093 849 3144 et
906 3067 964 3110 ⁰¹¹⁸
983 3069 1001 3109 ⁸
1020 3043 1158 3108 G⁸b¹¹¹¹⁰
1180 3045 1289 3106 ‘hum
1313 3065 1421 3112 mm
1440 3051 1645 3130 5¹¹⁰h⁰³¹⁸⁰⁰h

109 3189 165 3275 qni
195 3200 246 3250 eet
275 3187 373 3250 etiam
396 3186 431 3248 in
456 3205 571 3248 museo
596 3185 769 3248 Caesareo.
811 3163 849 3242 ln
905 3149 976 3264 Ψ)
1007 3147 1201 3263 &impium
1229 3159 1383 3265 ’ΜΨ
1414 3151 1643 3233 Ρηθῧθᾶθῦῑῖι
1691 3191 1696 3219 ι

905 3271 962 3334 qut
978 3247 1039 3310 fuit
1052 3249 1094 3315 V.
1112 3248 1148 3312 C.
1165 3248 1244 3328 ooo,
1269 3261 1304 3312 ut
1323 3270 1358 3310 un
1378 3271 1422 3315 eo
1445 3265 1549 3316 tractu
1571 3272 1643 3316 moa

111 3581 190 3624 uum
210 3579 286 3625 esse
305 3560 451 3644 epochae
468 3559 507 3620 li.
529 3577 623 3621 orsae
641 3556 681 3621 ah
699 3569 852 3620 antmnno
892 3537 998 3618 =nium
1027 3553 1097 3617 sire
1130 3543 1358 3644 immemorem
1390 3576 1526 3634 eorum,
1566 3577 1649 3643 quae

111 3664 154 3730 V.
169 3663 206 3728 C.
224 3663 297 3727 650.
319 3664 380 3726 Est
398 3662 482 3726 adeo
501 3681 616 3723 numus
636 3659 691 3723 hic
711 3659 855 3742 signatus
914 3657 1110 3740 scripserat,
1133 3654 1202 3718 sive
1224 3655 1360 3718 meliora
1382 3655 1552 3736 edoctum,
1578 3678 1652 3723 eeu·

114 3765 153 3828 ab
179 3779 336 3829 suumne
357 3763 456 3832 tte.
479 3765 551 3840 751.
592 3761 704 3856 Quare
728 3759 870 3822 initium·
913 3753 1258 3839 semlrujosepochas
1281 3753 1474 3834 adsedem,
1499 3779 1582 3846 quaa
1605 3759 1655 3823 ai.

115 3867 262 3952 epochae
281 3862 357 3930 anni
372 3863 427 3938 eut
446 3861 613 3952 figendum
638 3861 679 3927 ab
702 3876 856 3926 autumno
913 3861 963 3938 ui,
985 3855 1114 3920 Gabinii
1132 3855 1291 3922 beneficia
1308 3855 1482 3924 revocasse
1505 3857 1543 3943 ί).

115 3969 187 4051 holt.
221 3967 309 4031 Huic
328 3965 416 4030 enim
434 3965 618 4030 sleddatur
637 3963 711 4042 fN,
734 3984 795 4027 seu
814 3963 856 4027 56
909 3973 916 3982 “
977 3960 1144 4042 Epeeltum
1166 3960 1243 4038 IV„
1268 3974 1302 4024 et
1323 3959 1453 4046 qauidcm
1473 3961 1668 4028 Alexandri·
1706 4013 1712 4026 .

117 4071 262 4137 detracta
286 4067 428 4144 unitata,
460 4065 708 4134 adhaerebimus
732 4067 859 4148 pariter
914 4067 983 4140 116,
1007 4061 1153 4145 agnoseit
1170 4061 1369 4126 Pelleuiaius
1391 4081 1433 4126 ex
1454 4062 1549 4142 hujus
1564 4064 1672 4128 urbie-

119 4174 158 4240 ed
183 4171 470 4253 autumnum751.
501 4171 576 4234 Non
593 4165 682 4233 aliud
704 4165 860 4229 habemus
914 4163 1162 4230 tetradracltmis
1190 4163 1260 4247 ejus
1280 4164 1370 4248 regis
1393 4165 1525 4230 nomine
1550 4165 1655 4252 signa·

115 4273 335 4340 luculentius·
355 4271 543 4357 exemplum
581 4273 677 4336 aerae
719 4268 860 4351 duplicis
911 4263 957 4330 'tis
979 4267 1026 4348 e),
1056 4263 1115 4329 sod
1137 4285 1231 4348 quem
1259 4265 1482 4348 oopjecsursm
1503 4265 1538 4330 in
1559 4267 1653 4352 hujus

117 4396 182 4442 uuo
198 4373 385 4462 eodemque
401 4387 551 4460 tempore
566 4373 749 4456 usurpatae.
765 4371 860 4433 Hanc
915 4368 1005 4454 regis
1023 4379 1152 4431 moneta
1169 4365 1394 4436 refutavimus.

117 4479 253 4543 alteram
282 4476 443 4562 epocham
470 4473 671 4541 Pellerinius
691 4471 863 4558 Pompeia·
981 4471 1062 4535 ΑΕ.
1080 4474 1139 4534 via
1157 4469 1196 4534 ll.

108 3290 205 3374 hujus
227 3309 341 3398 avet-pa
364 3287 486 3374 duplex
503 3305 579 3350 aera
599 3299 747 3361 notator,
771 3283 850 3346 scri·

154 4707 186 4776 a)
206 4703 280 4763 Crit.
293 4702 361 4761 Ber.
377 4697 507 4766 ad‘ll.C.
525 4713 604 4766 1050.
620 4701 679 4774 §.6-
788 4699 824 4772 e)
844 4701 985 4775 Apparet.
1002 4695 1115 4752 Chroo.
1129 4645 1208 4766 605.
1221 4696 1267 4756 te.
1377 4697 1408 4768 c)
1426 4689 1497 4754 ileo.
1508 4695 1544 4755 ll.
1560 4649 1662 4773 pesa.

117 4789 407 4872 emetitpets.
501 4787 909 4863 e)Aut.L.XlV.c·5·i·³·
1001 4783 1260 4862 huettputr.
1352 4785 1623 4864 glhlell.p.tts.
