<?xml version="1.0" encoding="UTF-8"?>
<!DOCTYPE html PUBLIC "-//W3C//DTD XHTML 1.0 Transitional//EN"
    "http://www.w3.org/TR/xhtml1/DTD/xhtml1-transitional.dtd">
<html xmlns="http://www.w3.org/1999/xhtml" xml:lang="en" lang="en">
 <head>
  <title>
</title>
<meta http-equiv="Content-Type" content="text/html;charset=utf-8" />
  <meta name='ocr-system' content='tesseract 3.04.00' />
  <meta name='ocr-capabilities' content='ocr_page ocr_carea ocr_par ocr_line ocrx_word'/>
</head>
<body>
  <div class='ocr_page' id='page_1' title='image "./doctrinanumorum02hohlgoog/doctrinanumorum02hohlgoog_0175.png"; bbox 0 0 4238 5460; ppageno 0'>
   <div class='ocr_carea' id='block_1_1' title="bbox 329 442 1353 586">
    <p class='ocr_par' dir='ltr' id='par_1_1' title="bbox 329 442 1353 586">
     <span class='ocr_line' id='line_1_1' title="bbox 329 442 1353 586; baseline -0.023 0"><span class='ocrx_word' id='word_1_1' title='bbox 329 579 332 586; x_wconf 85' lang='lat'><strong>.</strong></span> <span class='ocrx_word' id='word_1_2' title='bbox 447 442 518 584; x_wconf 75' lang='lat' dir='ltr'><strong>nde</strong></span> <span class='ocrx_word' id='word_1_3' title='bbox 1073 481 1353 582; x_wconf 56' lang='lat' dir='ltr'><strong>Quill-old</strong></span> 
     </span>
    </p>
   </div>
   <div class='ocr_carea' id='block_1_2' title="bbox 385 641 1973 1552">
    <p class='ocr_par' dir='ltr' id='par_1_2' title="bbox 385 641 1973 1552">
     <span class='ocr_line' id='line_1_2' title="bbox 520 641 1961 734; baseline -0.01 -8"><span class='ocrx_word' id='word_1_4' title='bbox 520 657 840 726; x_wconf 78' lang='grc' dir='ltr'><strong>ΠΟΛΕΜΩΝΟΟ.</strong></span> <span class='ocrx_word' id='word_1_5' title='bbox 885 651 990 722; x_wconf 68' lang='lat' dir='ltr'><strong>Tor.</strong></span> <span class='ocrx_word' id='word_1_6' title='bbox 1034 651 1191 720; x_wconf 81' lang='grc' dir='ltr'><em>ΖΗΝΩ-</em></span> <span class='ocrx_word' id='word_1_7' title='bbox 1247 649 1403 716; x_wconf 84' lang='lat' dir='ltr'><strong>decidere</strong></span> <span class='ocrx_word' id='word_1_8' title='bbox 1426 641 1624 716; x_wconf 75' lang='lat' dir='ltr'><strong>usnana&#39;irn.</strong></span> <span class='ocrx_word' id='word_1_9' title='bbox 1657 645 1895 734; x_wconf 78' lang='lat' dir='ltr'><strong>¹Sistatuamus,</strong></span> <span class='ocrx_word' id='word_1_10' title='bbox 1920 658 1961 720; x_wconf 75' lang='lat' dir='ltr'><strong>in.</strong></span> 
     </span>
     <span class='ocr_line' id='line_1_3' title="bbox 448 749 1960 845; baseline -0.015 -15"><span class='ocrx_word' id='word_1_11' title='bbox 448 765 551 830; x_wconf 81' lang='lat' dir='ltr'><strong>Noc,</strong></span> <span class='ocrx_word' id='word_1_12' title='bbox 575 761 711 828; x_wconf 80' lang='lat' dir='ltr'><strong>Claudii.</strong></span> <span class='ocrx_word' id='word_1_13' title='bbox 736 761 928 845; x_wconf 86' lang='lat' dir='ltr'><strong>(Pellerin.)</strong></span> <span class='ocrx_word' id='word_1_14' title='bbox 950 811 955 840; x_wconf 33' lang='grc' dir='ltr'><strong>ὲ</strong></span> <span class='ocrx_word' id='word_1_15' title='bbox 1194 835 1211 841; x_wconf 24' lang='grc' dir='ltr'>ᾖ</span> <span class='ocrx_word' id='word_1_16' title='bbox 1246 751 1421 824; x_wconf 84' lang='lat' dir='ltr'><strong>tereedere</strong></span> <span class='ocrx_word' id='word_1_17' title='bbox 1444 749 1571 835; x_wconf 88' lang='lat' dir='ltr'><strong>lapsum</strong></span> <span class='ocrx_word' id='word_1_18' title='bbox 1592 751 1781 830; x_wconf 84' lang='lat' dir='ltr'><strong>monetarii,</strong></span> <span class='ocrx_word' id='word_1_19' title='bbox 1801 769 1832 818; x_wconf 87' lang='lat' dir='ltr'><strong>et</strong></span> <span class='ocrx_word' id='word_1_20' title='bbox 1845 779 1877 818; x_wconf 81' lang='lat' dir='ltr'><strong>rs</strong></span> <span class='ocrx_word' id='word_1_21' title='bbox 1894 756 1960 820; x_wconf 85' lang='grc' dir='ltr'><strong>ΖΗ.</strong></span> 
     </span>
     <span class='ocr_line' id='line_1_4' title="bbox 507 850 1963 936; baseline -0.012 -9"><span class='ocrx_word' id='word_1_22' title='bbox 507 863 579 927; x_wconf 87' lang='lat' dir='ltr'><strong>ET.</strong></span> <span class='ocrx_word' id='word_1_23' title='bbox 600 858 658 931; x_wconf 91' lang='grc' dir='ltr'><strong>ΙΓ.</strong></span> <span class='ocrx_word' id='word_1_24' title='bbox 682 857 933 926; x_wconf 78' lang='grc' dir='ltr'><strong>ΖΗΝΩΝΟΣ.</strong></span> <span class='ocrx_word' id='word_1_25' title='bbox 960 851 1092 923; x_wconf 84' lang='grc' dir='ltr'><strong>ΠΟΛῙ.</strong></span> <span class='ocrx_word' id='word_1_26' title='bbox 1116 855 1187 924; x_wconf 88' lang='grc' dir='ltr'><strong>ΤΟ.</strong></span> <span class='ocrx_word' id='word_1_27' title='bbox 1247 851 1359 918; x_wconf 86' lang='grc' dir='ltr'><strong>ΝΩΝ</strong></span> <span class='ocrx_word' id='word_1_28' title='bbox 1380 850 1805 936; x_wconf 80' lang='lat' dir='ltr'><strong>praeponendum,senaus</strong></span> <span class='ocrx_word' id='word_1_29' title='bbox 1830 869 1874 918; x_wconf 85' lang='lat' dir='ltr'><strong>est</strong></span> <span class='ocrx_word' id='word_1_30' title='bbox 1897 857 1963 920; x_wconf 85' lang='lat' dir='ltr'><strong>laci.</strong></span> 
     </span>
     <span class='ocr_line' id='line_1_5' title="bbox 439 947 1973 1047; baseline -0.005 -20"><span class='ocrx_word' id='word_1_31' title='bbox 439 964 488 1033; x_wconf 86' lang='grc' dir='ltr'><strong>Δ.</strong></span> <span class='ocrx_word' id='word_1_32' title='bbox 510 965 661 1030; x_wconf 88' lang='lat' dir='ltr'><strong>Neronis.</strong></span> <span class='ocrx_word' id='word_1_33' title='bbox 685 963 872 1047; x_wconf 84' lang='lat' dir='ltr'><strong>(Vaillant.)</strong></span> <span class='ocrx_word' id='word_1_34' title='bbox 1245 954 1307 1032; x_wconf 89' lang='lat' dir='ltr'><strong>lis,</strong></span> <span class='ocrx_word' id='word_1_35' title='bbox 1330 973 1369 1018; x_wconf 91' lang='lat' dir='ltr'><strong>ao</strong></span> <span class='ocrx_word' id='word_1_36' title='bbox 1386 966 1454 1016; x_wconf 86' lang='lat' dir='ltr'><strong>tam</strong></span> <span class='ocrx_word' id='word_1_37' title='bbox 1472 952 1568 1018; x_wconf 78' lang='lat' dir='ltr'><strong>-iorta</strong></span> <span class='ocrx_word' id='word_1_38' title='bbox 1591 973 1628 1015; x_wconf 80' lang='lat' dir='ltr'><strong>rc</strong></span> <span class='ocrx_word' id='word_1_39' title='bbox 1644 947 1756 1014; x_wconf 86' lang='grc' dir='ltr'><strong>ΤΙΟΣ</strong></span> <span class='ocrx_word' id='word_1_40' title='bbox 1775 954 1909 1018; x_wconf 77' lang='lat' dir='ltr'><strong>refertur</strong></span> <span class='ocrx_word' id='word_1_41' title='bbox 1928 949 1973 1020; x_wconf 65' lang='lat' dir='ltr'><strong>ad&#39;</strong></span> 
     </span>
     <span class='ocr_line' id='line_1_6' title="bbox 506 1050 1963 1152; baseline -0.004 -23"><span class='ocrx_word' id='word_1_42' title='bbox 506 1065 719 1152; x_wconf 80' lang='lat' dir='ltr'><strong>Epigraphen</strong></span> <span class='ocrx_word' id='word_1_43' title='bbox 733 1065 816 1129; x_wconf 88' lang='lat' dir='ltr'><strong>hano</strong></span> <span class='ocrx_word' id='word_1_44' title='bbox 837 1071 1022 1148; x_wconf 85' lang='lat' dir='ltr'><strong>suspectam</strong></span> <span class='ocrx_word' id='word_1_45' title='bbox 1043 1057 1116 1141; x_wconf 85' lang='lat' dir='ltr'><strong>jure</strong></span> <span class='ocrx_word' id='word_1_46' title='bbox 1128 1075 1190 1126; x_wconf 68' lang='lat' dir='ltr'><strong>no·</strong></span> <span class='ocrx_word' id='word_1_47' title='bbox 1243 1069 1422 1140; x_wconf 85' lang='lat' dir='ltr'><strong>sequentes</strong></span> <span class='ocrx_word' id='word_1_48' title='bbox 1444 1053 1535 1118; x_wconf 80' lang='lat' dir='ltr'><strong>binas</strong></span> <span class='ocrx_word' id='word_1_49' title='bbox 1555 1053 1676 1131; x_wconf 87' lang='lat' dir='ltr'><strong>nrbes,</strong></span> <span class='ocrx_word' id='word_1_50' title='bbox 1700 1053 1746 1116; x_wconf 87' lang='lat' dir='ltr'><strong>sio</strong></span> <span class='ocrx_word' id='word_1_51' title='bbox 1764 1050 1864 1120; x_wconf 77' lang='lat' dir='ltr'><strong>utlaio</strong></span> <span class='ocrx_word' id='word_1_52' title='bbox 1884 1059 1963 1123; x_wconf 84' lang='lat' dir='ltr'><strong>Zeno</strong></span> 
     </span>
     <span class='ocr_line' id='line_1_7' title="bbox 443 1153 1965 1246; baseline -0.009 -13"><span class='ocrx_word' id='word_1_53' title='bbox 443 1185 496 1232; x_wconf 89' lang='lat' dir='ltr'><strong>oat</strong></span> <span class='ocrx_word' id='word_1_54' title='bbox 521 1167 729 1230; x_wconf 86' lang='lat' dir='ltr'><strong>Pelleriniua.</strong></span> <span class='ocrx_word' id='word_1_55' title='bbox 768 1165 896 1228; x_wconf 78' lang='lat' dir='ltr'><strong>Censet</strong></span> <span class='ocrx_word' id='word_1_56' title='bbox 924 1158 1126 1246; x_wconf 76' lang='lat' dir='ltr'><strong>legendum,</strong></span> <span class='ocrx_word' id='word_1_57' title='bbox 1152 1171 1190 1224; x_wconf 83' lang='lat' dir='ltr'><strong>ut</strong></span> <span class='ocrx_word' id='word_1_58' title='bbox 1246 1157 1373 1222; x_wconf 83' lang='lat' dir='ltr'><strong>dicatur</strong></span> <span class='ocrx_word' id='word_1_59' title='bbox 1383 1155 1472 1218; x_wconf 89' lang='lat' dir='ltr'><strong>lilius</strong></span> <span class='ocrx_word' id='word_1_60' title='bbox 1485 1153 1736 1220; x_wconf 85' lang='lat' dir='ltr'><strong>Laodicensium</strong></span> <span class='ocrx_word' id='word_1_61' title='bbox 1751 1170 1783 1219; x_wconf 90' lang='lat' dir='ltr'><strong>et</strong></span> <span class='ocrx_word' id='word_1_62' title='bbox 1793 1157 1965 1240; x_wconf 75' lang='lat' dir='ltr'><strong>Smyrnaea-</strong></span> 
     </span>
     <span class='ocr_line' id='line_1_8' title="bbox 443 1256 1967 1352; baseline -0.003 -23"><span class='ocrx_word' id='word_1_63' title='bbox 443 1269 477 1329; x_wconf 95' lang='lat' dir='ltr'><strong>in</strong></span> <span class='ocrx_word' id='word_1_64' title='bbox 490 1267 730 1352; x_wconf 85' lang='lat' dir='ltr'><strong>praecedente:</strong></span> <span class='ocrx_word' id='word_1_65' title='bbox 747 1259 1068 1328; x_wconf 79' lang='grc' dir='ltr'><strong>ΠΟΛΕΜΩΝΟΟ.</strong></span> <span class='ocrx_word' id='word_1_66' title='bbox 1083 1256 1187 1329; x_wconf 80' lang='grc' dir='ltr'><strong>ΤΟΤ.</strong></span> <span class='ocrx_word' id='word_1_67' title='bbox 1245 1279 1335 1337; x_wconf 80' lang='lat' dir='ltr'><strong>rnna,</strong></span> <span class='ocrx_word' id='word_1_68' title='bbox 1352 1259 1486 1322; x_wconf 82' lang='lat' dir='ltr'><strong>illarum</strong></span> <span class='ocrx_word' id='word_1_69' title='bbox 1502 1257 1875 1338; x_wconf 72' lang='lat' dir='ltr'><strong>natura,(nam.Zenones</strong></span> <span class='ocrx_word' id='word_1_70' title='bbox 1892 1281 1967 1324; x_wconf 85' lang='lat' dir='ltr'><strong>coru·</strong></span> 
     </span>
     <span class='ocr_line' id='line_1_9' title="bbox 445 1356 1965 1450; baseline -0.003 -20"><span class='ocrx_word' id='word_1_71' title='bbox 445 1366 545 1430; x_wconf 85' lang='grc' dir='ltr'><strong>ΖΗΝ</strong></span> <span class='ocrx_word' id='word_1_72' title='bbox 548 1363 679 1432; x_wconf 75' lang='grc' dir='ltr'><strong>ΩΝΟΟ</strong></span> <span class='ocrx_word' id='word_1_73' title='bbox 696 1370 736 1450; x_wconf 80' lang='grc'><strong>·).</strong></span> <span class='ocrx_word' id='word_1_74' title='bbox 770 1369 852 1431; x_wconf 86' lang='lat' dir='ltr'><strong>Esse</strong></span> <span class='ocrx_word' id='word_1_75' title='bbox 880 1377 1064 1450; x_wconf 70' lang='lat' dir='ltr'>suspectam</span> <span class='ocrx_word' id='word_1_76' title='bbox 1089 1361 1186 1428; x_wconf 78' lang='lat' dir='ltr'><strong>facile</strong></span> <span class='ocrx_word' id='word_1_77' title='bbox 1244 1361 1358 1446; x_wconf 88' lang='lat' dir='ltr'><strong>plures</strong></span> <span class='ocrx_word' id='word_1_78' title='bbox 1386 1358 1472 1444; x_wconf 88' lang='lat' dir='ltr'><strong>apud</strong></span> <span class='ocrx_word' id='word_1_79' title='bbox 1491 1356 1698 1422; x_wconf 76' lang='lat' dir='ltr'><strong>Laodicenos</strong></span> <span class='ocrx_word' id='word_1_80' title='bbox 1719 1379 1793 1422; x_wconf 89' lang='lat' dir='ltr'><strong>enm</strong></span> <span class='ocrx_word' id='word_1_81' title='bbox 1813 1360 1845 1422; x_wconf 90' lang='lat' dir='ltr'><strong>in</strong></span> <span class='ocrx_word' id='word_1_82' title='bbox 1864 1365 1965 1448; x_wconf 73' lang='lat' dir='ltr'><strong>numu,</strong></span> 
     </span>
     <span class='ocr_line' id='line_1_10' title="bbox 385 1461 1967 1552; baseline -0.003 -20"><span class='ocrx_word' id='word_1_83' title='bbox 385 1492 389 1514; x_wconf 73' lang='lat'><em>=</em></span> <span class='ocrx_word' id='word_1_84' title='bbox 440 1468 634 1545; x_wconf 83' lang='lat' dir='ltr'><strong>consentio,</strong></span> <span class='ocrx_word' id='word_1_85' title='bbox 666 1489 783 1535; x_wconf 81' lang='lat' dir='ltr'><strong>rernm</strong></span> <span class='ocrx_word' id='word_1_86' title='bbox 821 1488 862 1532; x_wconf 90' lang='lat' dir='ltr'><strong>an</strong></span> <span class='ocrx_word' id='word_1_87' title='bbox 891 1469 1057 1533; x_wconf 84' lang='lat' dir='ltr'><strong>continuo</strong></span> <span class='ocrx_word' id='word_1_88' title='bbox 1084 1465 1188 1528; x_wconf 83' lang='lat' dir='ltr'><strong>alters</strong></span> <span class='ocrx_word' id='word_1_89' title='bbox 1241 1475 1314 1552; x_wconf 84' lang='lat' dir='ltr'><strong>tum</strong></span> <span class='ocrx_word' id='word_1_90' title='bbox 1345 1461 1562 1546; x_wconf 70' lang='lat' dir='ltr'><strong>scriptoribus</strong></span> <span class='ocrx_word' id='word_1_91' title='bbox 1598 1463 1836 1544; x_wconf 82' lang='lat' dir='ltr'><strong>memorantur)</strong></span> <span class='ocrx_word' id='word_1_92' title='bbox 1863 1462 1967 1528; x_wconf 88' lang='lat' dir='ltr'><strong>horum</strong></span> 
     </span>
    </p>
   </div>
   <div class='ocr_carea' id='block_1_3' title="bbox 389 1561 2007 1648">
    <p class='ocr_par' dir='ltr' id='par_1_3' title="bbox 389 1561 2007 1648">
     <span class='ocr_line' id='line_1_11' title="bbox 389 1561 2007 1648; baseline -0.006 -12"><span class='ocrx_word' id='word_1_93' title='bbox 389 1628 395 1636; x_wconf 88' lang='lat'><strong>.</strong></span> <span class='ocrx_word' id='word_1_94' title='bbox 441 1570 544 1635; x_wconf 89' lang='lat' dir='ltr'><strong>lectio</strong></span> <span class='ocrx_word' id='word_1_95' title='bbox 566 1571 678 1636; x_wconf 82' lang='lat' dir='ltr'><strong>valere</strong></span> <span class='ocrx_word' id='word_1_96' title='bbox 703 1569 840 1648; x_wconf 83' lang='lat' dir='ltr'><strong>debeat,</strong></span> <span class='ocrx_word' id='word_1_97' title='bbox 870 1569 1003 1646; x_wconf 83' lang='lat' dir='ltr'><strong>dubito,</strong></span> <span class='ocrx_word' id='word_1_98' title='bbox 1031 1589 1107 1632; x_wconf 91' lang='lat' dir='ltr'><strong>nam</strong></span> <span class='ocrx_word' id='word_1_99' title='bbox 1130 1587 1188 1631; x_wconf 89' lang='lat' dir='ltr'><strong>ne·</strong></span> <span class='ocrx_word' id='word_1_100' title='bbox 1244 1564 1432 1648; x_wconf 76' lang='lat' dir='ltr'><strong>adoptione.</strong></span> <span class='ocrx_word' id='word_1_101' title='bbox 1480 1565 1552 1627; x_wconf 88' lang='lat' dir='ltr'><strong>Hac</strong></span> <span class='ocrx_word' id='word_1_102' title='bbox 1584 1561 1712 1626; x_wconf 86' lang='lat' dir='ltr'><strong>ratione</strong></span> <span class='ocrx_word' id='word_1_103' title='bbox 1736 1563 1875 1645; x_wconf 84' lang='lat' dir='ltr'><strong>¹jactasse</strong></span> <span class='ocrx_word' id='word_1_104' title='bbox 1900 1565 1967 1628; x_wconf 86' lang='lat' dir='ltr'><strong>duas</strong></span> <span class='ocrx_word' id='word_1_105' title='bbox 1994 1604 2007 1618; x_wconf 78' lang='lat'><em>-</em></span> 
     </span>
    </p>
   </div>
   <div class='ocr_carea' id='block_1_4' title="bbox 406 1663 2001 4486">
    <p class='ocr_par' dir='ltr' id='par_1_4' title="bbox 406 1663 2001 4486">
     <span class='ocr_line' id='line_1_12' title="bbox 444 1663 1970 1757; baseline -0.003 -23"><span class='ocrx_word' id='word_1_106' title='bbox 444 1692 508 1757; x_wconf 83' lang='lat' dir='ltr'><strong>que</strong></span> <span class='ocrx_word' id='word_1_107' title='bbox 526 1669 721 1755; x_wconf 79' lang='lat' dir='ltr'><strong>epigraphes</strong></span> <span class='ocrx_word' id='word_1_108' title='bbox 739 1671 898 1737; x_wconf 84' lang='lat' dir='ltr'><strong>vocabula</strong></span> <span class='ocrx_word' id='word_1_109' title='bbox 918 1671 993 1734; x_wconf 89' lang='lat' dir='ltr'><strong>satis</strong></span> <span class='ocrx_word' id='word_1_110' title='bbox 1012 1667 1185 1735; x_wconf 86' lang='lat' dir='ltr'><strong>commode</strong></span> <span class='ocrx_word' id='word_1_111' title='bbox 1243 1667 1363 1750; x_wconf 85' lang='lat' dir='ltr'><strong>patrias</strong></span> <span class='ocrx_word' id='word_1_112' title='bbox 1393 1665 1501 1730; x_wconf 86' lang='lat' dir='ltr'><strong>-etiana</strong></span> <span class='ocrx_word' id='word_1_113' title='bbox 1531 1663 1702 1740; x_wconf 82' lang='lat' dir='ltr'><strong>Attalum,</strong></span> <span class='ocrx_word' id='word_1_114' title='bbox 1734 1665 1883 1728; x_wconf 84' lang='lat' dir='ltr'><strong>nimirum</strong></span> <span class='ocrx_word' id='word_1_115' title='bbox 1920 1666 1970 1730; x_wconf 88' lang='lat' dir='ltr'><strong>has</strong></span> 
     </span>
     <span class='ocr_line' id='line_1_13' title="bbox 436 1765 1970 1860; baseline -0.006 -23"><span class='ocrx_word' id='word_1_116' title='bbox 436 1785 579 1858; x_wconf 69' lang='lat' dir='ltr'><strong>,possunt</strong></span> <span class='ocrx_word' id='word_1_117' title='bbox 599 1771 768 1856; x_wconf 86' lang='lat' dir='ltr'><strong>componi,</strong></span> <span class='ocrx_word' id='word_1_118' title='bbox 791 1786 826 1834; x_wconf 88' lang='lat' dir='ltr'><strong>et</strong></span> <span class='ocrx_word' id='word_1_119' title='bbox 841 1786 980 1860; x_wconf 77' lang='lat' dir='ltr'><strong>uterque</strong></span> <span class='ocrx_word' id='word_1_120' title='bbox 1000 1793 1116 1834; x_wconf 85' lang='lat' dir='ltr'><strong>numus</strong></span> <span class='ocrx_word' id='word_1_121' title='bbox 1135 1782 1187 1834; x_wconf 82' lang='lat' dir='ltr'><strong>est</strong></span> <span class='ocrx_word' id='word_1_122' title='bbox 1243 1769 1328 1852; x_wconf 89' lang='lat' dir='ltr'><strong>ipsas</strong></span> <span class='ocrx_word' id='word_1_123' title='bbox 1344 1787 1502 1852; x_wconf 68' lang='lat' dir='ltr'><strong>quoqne,</strong></span> <span class='ocrx_word' id='word_1_124' title='bbox 1522 1765 1724 1831; x_wconf 83' lang='lat' dir='ltr'><strong>Laodiceam</strong></span> <span class='ocrx_word' id='word_1_125' title='bbox 1752 1780 1786 1830; x_wconf 88' lang='lat' dir='ltr'><strong>et</strong></span> <span class='ocrx_word' id='word_1_126' title='bbox 1806 1767 1970 1850; x_wconf 79' lang='lat' dir='ltr'><strong>Smyrnam,</strong></span> 
     </span>
     <span class='ocr_line' id='line_1_14' title="bbox 406 1867 1972 1960; baseline -0.003 -25"><span class='ocrx_word' id='word_1_127' title='bbox 406 1947 411 1960; x_wconf 24' lang='grc' dir='ltr'>ἱ</span> <span class='ocrx_word' id='word_1_128' title='bbox 442 1872 566 1938; x_wconf 82' lang='lat' dir='ltr'><strong>diversi</strong></span> <span class='ocrx_word' id='word_1_129' title='bbox 584 1873 811 1957; x_wconf 80' lang='lat' dir='ltr'><strong>imperatoris,</strong></span> <span class='ocrx_word' id='word_1_130' title='bbox 833 1875 968 1960; x_wconf 80' lang='lat' dir='ltr'><strong>insuper</strong></span> <span class='ocrx_word' id='word_1_131' title='bbox 991 1873 1026 1935; x_wconf 88' lang='lat' dir='ltr'><strong>in</strong></span> <span class='ocrx_word' id='word_1_132' title='bbox 1042 1872 1186 1942; x_wconf 76' lang='lat' dir='ltr'><strong>Vaillan·</strong></span> <span class='ocrx_word' id='word_1_133' title='bbox 1242 1869 1328 1934; x_wconf 82' lang='lat' dir='ltr'><strong>inire</strong></span> <span class='ocrx_word' id='word_1_134' title='bbox 1345 1869 1545 1946; x_wconf 83' lang='lat' dir='ltr'><strong>videbimus,</strong></span> <span class='ocrx_word' id='word_1_135' title='bbox 1567 1883 1602 1934; x_wconf 86' lang='lat' dir='ltr'><strong>ot</strong></span> <span class='ocrx_word' id='word_1_136' title='bbox 1615 1867 1757 1934; x_wconf 77' lang='lat' dir='ltr'><strong>vidimus</strong></span> <span class='ocrx_word' id='word_1_137' title='bbox 1771 1889 1865 1952; x_wconf 88' lang='lat' dir='ltr'><strong>supra</strong></span> <span class='ocrx_word' id='word_1_138' title='bbox 1879 1869 1910 1930; x_wconf 94' lang='lat' dir='ltr'><strong>in</strong></span> <span class='ocrx_word' id='word_1_139' title='bbox 1923 1891 1972 1932; x_wconf 92' lang='lat' dir='ltr'><strong>nu·</strong></span> 
     </span>
     <span class='ocr_line' id='line_1_15' title="bbox 442 1968 1899 2050; baseline -0.003 -14"><span class='ocrx_word' id='word_1_140' title='bbox 442 1973 531 2037; x_wconf 88' lang='lat' dir='ltr'><strong>tiano</strong></span> <span class='ocrx_word' id='word_1_141' title='bbox 548 1995 583 2038; x_wconf 81' lang='lat' dir='ltr'><strong>ro</strong></span> <span class='ocrx_word' id='word_1_142' title='bbox 597 1969 885 2040; x_wconf 80' lang='grc' dir='ltr'><strong>ΛΑΟΔΙΚΕΩΝ</strong></span> <span class='ocrx_word' id='word_1_143' title='bbox 902 1977 1001 2041; x_wconf 86' lang='lat' dir='ltr'><strong>estin</strong></span> <span class='ocrx_word' id='word_1_144' title='bbox 1016 1975 1136 2050; x_wconf 84' lang='lat' dir='ltr'><strong>antica,</strong></span> <span class='ocrx_word' id='word_1_145' title='bbox 1151 1972 1187 2034; x_wconf 89' lang='lat' dir='ltr'><strong>in</strong></span> <span class='ocrx_word' id='word_1_146' title='bbox 1242 1972 1304 2035; x_wconf 88' lang='lat' dir='ltr'><strong>mis</strong></span> <span class='ocrx_word' id='word_1_147' title='bbox 1318 1971 1461 2046; x_wconf 81' lang='lat' dir='ltr'><strong>Cotiaei,</strong></span> <span class='ocrx_word' id='word_1_148' title='bbox 1475 1973 1599 2040; x_wconf 82' lang='lat' dir='ltr'><strong>Varum</strong></span> <span class='ocrx_word' id='word_1_149' title='bbox 1621 1970 1688 2033; x_wconf 89' lang='lat' dir='ltr'><strong>dici</strong></span> <span class='ocrx_word' id='word_1_150' title='bbox 1705 1968 1766 2033; x_wconf 74' lang='lat' dir='ltr'><strong>droa</strong></span> <span class='ocrx_word' id='word_1_151' title='bbox 1780 1976 1899 2046; x_wconf 66' lang='lat' dir='ltr'><strong>achsaf.</strong></span> 
     </span>
     <span class='ocr_line' id='line_1_16' title="bbox 441 2067 1974 2142; baseline -0.002 -6"><span class='ocrx_word' id='word_1_152' title='bbox 441 2073 666 2138; x_wconf 81' lang='lat' dir='ltr'><strong>Pelleriuiano</strong></span> <span class='ocrx_word' id='word_1_153' title='bbox 687 2073 722 2135; x_wconf 91' lang='lat' dir='ltr'><strong>in</strong></span> <span class='ocrx_word' id='word_1_154' title='bbox 743 2095 875 2142; x_wconf 79' lang='lat' dir='ltr'><strong>aversa.</strong></span> <span class='ocrx_word' id='word_1_155' title='bbox 911 2078 1039 2141; x_wconf 76' lang='lat' dir='ltr'><strong>Literna</strong></span> <span class='ocrx_word' id='word_1_156' title='bbox 1066 2067 1187 2137; x_wconf 86' lang='grc' dir='ltr'><strong>ΠΟΛΙ</strong></span> <span class='ocrx_word' id='word_1_157' title='bbox 1306 2076 1533 2136; x_wconf 83' lang='lat' dir='ltr'><strong>Memorantur</strong></span> <span class='ocrx_word' id='word_1_158' title='bbox 1546 2073 1580 2136; x_wconf 92' lang='lat' dir='ltr'><strong>in</strong></span> <span class='ocrx_word' id='word_1_159' title='bbox 1596 2073 1646 2136; x_wconf 87' lang='lat' dir='ltr'><strong>his</strong></span> <span class='ocrx_word' id='word_1_160' title='bbox 1661 2074 1772 2134; x_wconf 72' lang='lat' dir='ltr'><strong>nuntie</strong></span> <span class='ocrx_word' id='word_1_161' title='bbox 1788 2074 1931 2136; x_wconf 83' lang='lat' dir='ltr'><strong>Zenones</strong></span> <span class='ocrx_word' id='word_1_162' title='bbox 1945 2087 1974 2135; x_wconf 88' lang='lat' dir='ltr'><strong>et</strong></span> 
     </span>
     <span class='ocr_line' id='line_1_17' title="bbox 441 2173 1975 2262; baseline -0.002 -24"><span class='ocrx_word' id='word_1_163' title='bbox 441 2175 635 2244; x_wconf 85' lang='lat' dir='ltr'><strong>Vaillantins</strong></span> <span class='ocrx_word' id='word_1_164' title='bbox 645 2175 728 2259; x_wconf 78' lang='lat' dir='ltr'><strong>legit</strong></span> <span class='ocrx_word' id='word_1_165' title='bbox 738 2179 918 2262; x_wconf 70' lang='grc' dir='ltr'><strong>πολιαρχος,</strong></span> <span class='ocrx_word' id='word_1_166' title='bbox 932 2177 1120 2262; x_wconf 51' lang='lat' dir='ltr'><strong>prudentes</strong></span> <span class='ocrx_word' id='word_1_167' title='bbox 1134 2197 1188 2239; x_wconf 84' lang='lat' dir='ltr'><strong>ur·</strong></span> <span class='ocrx_word' id='word_1_168' title='bbox 1242 2175 1452 2239; x_wconf 73' lang='lat' dir='ltr'><strong>Polemonos.</strong></span> <span class='ocrx_word' id='word_1_169' title='bbox 1498 2175 1627 2238; x_wconf 83' lang='lat' dir='ltr'><strong>Horum</strong></span> <span class='ocrx_word' id='word_1_170' title='bbox 1648 2175 1783 2240; x_wconf 90' lang='lat' dir='ltr'><strong>nomina</strong></span> <span class='ocrx_word' id='word_1_171' title='bbox 1804 2173 1975 2258; x_wconf 82' lang='lat' dir='ltr'><strong>apudLao·</strong></span> 
     </span>
     <span class='ocr_line' id='line_1_18' title="bbox 443 2275 1976 2364; baseline -0.002 -26"><span class='ocrx_word' id='word_1_172' title='bbox 443 2277 505 2340; x_wconf 83' lang='lat' dir='ltr'><strong>dis.</strong></span> <span class='ocrx_word' id='word_1_173' title='bbox 529 2275 827 2340; x_wconf 85' lang='lat' dir='ltr'><strong>SiPoliarchorum</strong></span> <span class='ocrx_word' id='word_1_174' title='bbox 844 2281 990 2364; x_wconf 76' lang='lat' dir='ltr'><strong>saepius.</strong></span> <span class='ocrx_word' id='word_1_175' title='bbox 1012 2289 1047 2342; x_wconf 83' lang='lat' dir='ltr'><strong>et</strong></span> <span class='ocrx_word' id='word_1_176' title='bbox 1063 2277 1097 2339; x_wconf 91' lang='lat' dir='ltr'><strong>in</strong></span> <span class='ocrx_word' id='word_1_177' title='bbox 1114 2275 1186 2341; x_wconf 88' lang='lat' dir='ltr'><strong>aliis</strong></span> <span class='ocrx_word' id='word_1_178' title='bbox 1245 2276 1372 2340; x_wconf 86' lang='lat' dir='ltr'><strong>dicaam</strong></span> <span class='ocrx_word' id='word_1_179' title='bbox 1393 2275 1531 2359; x_wconf 82' lang='lat' dir='ltr'><strong>inclyta.</strong></span> <span class='ocrx_word' id='word_1_180' title='bbox 1584 2277 1678 2338; x_wconf 87' lang='lat' dir='ltr'><strong>Zeno</strong></span> <span class='ocrx_word' id='word_1_181' title='bbox 1711 2275 1828 2338; x_wconf 88' lang='lat' dir='ltr'><strong>rhetor</strong></span> <span class='ocrx_word' id='word_1_182' title='bbox 1856 2276 1976 2357; x_wconf 80' lang='lat' dir='ltr'><strong>insignis</strong></span> 
     </span>
     <span class='ocr_line' id='line_1_19' title="bbox 442 2375 1976 2465; baseline 0.002 -27"><span class='ocrx_word' id='word_1_183' title='bbox 442 2396 573 2462; x_wconf 85' lang='lat' dir='ltr'><strong>quoque</strong></span> <span class='ocrx_word' id='word_1_184' title='bbox 586 2377 694 2440; x_wconf 88' lang='lat' dir='ltr'><strong>numis</strong></span> <span class='ocrx_word' id='word_1_185' title='bbox 709 2381 832 2444; x_wconf 89' lang='lat' dir='ltr'><strong>mentio</strong></span> <span class='ocrx_word' id='word_1_186' title='bbox 847 2381 960 2458; x_wconf 85' lang='lat' dir='ltr'><strong>lieret,</strong></span> <span class='ocrx_word' id='word_1_187' title='bbox 978 2393 1090 2465; x_wconf 88' lang='lat' dir='ltr'><strong>posset</strong></span> <span class='ocrx_word' id='word_1_188' title='bbox 1103 2379 1186 2443; x_wconf 91' lang='lat' dir='ltr'><strong>haec</strong></span> <span class='ocrx_word' id='word_1_189' title='bbox 1239 2379 1433 2443; x_wconf 86' lang='lat' dir='ltr'><strong>lllvirorum</strong></span> <span class='ocrx_word' id='word_1_190' title='bbox 1449 2391 1571 2456; x_wconf 81' lang='lat' dir='ltr'><strong>aetate3</strong></span> <span class='ocrx_word' id='word_1_191' title='bbox 1594 2378 1666 2460; x_wconf 84' lang='lat' dir='ltr'><strong>ejus</strong></span> <span class='ocrx_word' id='word_1_192' title='bbox 1684 2375 1773 2438; x_wconf 85' lang='lat' dir='ltr'><strong>lilius</strong></span> <span class='ocrx_word' id='word_1_193' title='bbox 1787 2375 1919 2440; x_wconf 89' lang='lat' dir='ltr'><strong>Polemo</strong></span> <span class='ocrx_word' id='word_1_194' title='bbox 1934 2379 1976 2441; x_wconf 85' lang='lat' dir='ltr'><strong>ll.</strong></span> 
     </span>
     <span class='ocr_line' id='line_1_20' title="bbox 440 2477 1975 2564; baseline -0.003 -21"><span class='ocrx_word' id='word_1_195' title='bbox 440 2477 608 2543; x_wconf 84' lang='lat' dir='ltr'><strong>Vaillantii</strong></span> <span class='ocrx_word' id='word_1_196' title='bbox 639 2479 827 2562; x_wconf 86' lang='lat' dir='ltr'><strong>conjectura</strong></span> <span class='ocrx_word' id='word_1_197' title='bbox 854 2482 960 2546; x_wconf 83' lang='lat' dir='ltr'><strong>videri</strong></span> <span class='ocrx_word' id='word_1_198' title='bbox 993 2479 1184 2564; x_wconf 86' lang='lat' dir='ltr'><strong>probabilis.</strong></span> <span class='ocrx_word' id='word_1_199' title='bbox 1241 2479 1375 2544; x_wconf 82' lang='lat' dir='ltr'><strong>Antonii</strong></span> <span class='ocrx_word' id='word_1_200' title='bbox 1400 2477 1564 2544; x_wconf 69' lang='lat' dir='ltr'><strong>benefimo</strong></span> <span class='ocrx_word' id='word_1_201' title='bbox 1582 2479 1688 2542; x_wconf 83' lang='lat' dir='ltr'><strong>Ponti</strong></span> <span class='ocrx_word' id='word_1_202' title='bbox 1716 2497 1800 2552; x_wconf 84' lang='lat' dir='ltr'><strong>rex,</strong></span> <span class='ocrx_word' id='word_1_203' title='bbox 1837 2497 1873 2540; x_wconf 87' lang='lat' dir='ltr'><strong>ao</strong></span> <span class='ocrx_word' id='word_1_204' title='bbox 1900 2479 1975 2550; x_wconf 83' lang='lat' dir='ltr'><strong>forte</strong></span> 
     </span>
     <span class='ocr_line' id='line_1_21' title="bbox 440 2577 1977 2668; baseline -0.004 -23"><span class='ocrx_word' id='word_1_205' title='bbox 440 2578 568 2645; x_wconf 77' lang='lat' dir='ltr'><strong>&#39;Verum</strong></span> <span class='ocrx_word' id='word_1_206' title='bbox 583 2577 703 2642; x_wconf 86' lang='lat' dir='ltr'><strong>frustra</strong></span> <span class='ocrx_word' id='word_1_207' title='bbox 718 2580 751 2642; x_wconf 90' lang='lat' dir='ltr'><strong>in</strong></span> <span class='ocrx_word' id='word_1_208' title='bbox 768 2581 856 2645; x_wconf 86' lang='lat' dir='ltr'><strong>istud</strong></span> <span class='ocrx_word' id='word_1_209' title='bbox 871 2583 1079 2668; x_wconf 83' lang='lat' dir='ltr'><strong>inquirimus,</strong></span> <span class='ocrx_word' id='word_1_210' title='bbox 1098 2603 1183 2660; x_wconf 83' lang='lat' dir='ltr'><strong>cnm,</strong></span> <span class='ocrx_word' id='word_1_211' title='bbox 1240 2599 1283 2644; x_wconf 86' lang='lat' dir='ltr'><strong>ex</strong></span> <span class='ocrx_word' id='word_1_212' title='bbox 1313 2579 1427 2644; x_wconf 87' lang='lat' dir='ltr'><strong>eadem</strong></span> <span class='ocrx_word' id='word_1_213' title='bbox 1457 2579 1560 2664; x_wconf 78' lang='lat' dir='ltr'><strong>stirpe</strong></span> <span class='ocrx_word' id='word_1_214' title='bbox 1587 2580 1649 2644; x_wconf 80' lang='lat' dir='ltr'><strong>fuit</strong></span> <span class='ocrx_word' id='word_1_215' title='bbox 1667 2579 1815 2642; x_wconf 85' lang='lat' dir='ltr'><strong>-Palemo</strong></span> <span class='ocrx_word' id='word_1_216' title='bbox 1844 2577 1977 2662; x_wconf 84' lang='lat' dir='ltr'><strong>sophista</strong></span> 
     </span>
     <span class='ocr_line' id='line_1_22' title="bbox 434 2665 1981 2769; baseline -0.001 -27"><span class='ocrx_word' id='word_1_217' title='bbox 434 2691 477 2742; x_wconf 74' lang='lat' dir='ltr'><strong>ut</strong></span> <span class='ocrx_word' id='word_1_218' title='bbox 494 2678 579 2756; x_wconf 80' lang='lat' dir='ltr'><strong>dixi,</strong></span> <span class='ocrx_word' id='word_1_219' title='bbox 599 2665 668 2743; x_wconf 78' lang='lat' dir='ltr'><strong>tota</strong></span> <span class='ocrx_word' id='word_1_220' title='bbox 686 2680 786 2748; x_wconf 87' lang='lat' dir='ltr'><strong>lectio</strong></span> <span class='ocrx_word' id='word_1_221' title='bbox 805 2685 847 2750; x_wconf 86' lang='lat' dir='ltr'><strong>ait</strong></span> <span class='ocrx_word' id='word_1_222' title='bbox 863 2699 1023 2769; x_wconf 87' lang='lat' dir='ltr'><strong>suspecta.</strong></span> <span class='ocrx_word' id='word_1_223' title='bbox 1239 2680 1324 2764; x_wconf 86' lang='lat' dir='ltr'><strong>apud</strong></span> <span class='ocrx_word' id='word_1_224' title='bbox 1339 2681 1532 2764; x_wconf 81' lang='lat' dir='ltr'><strong>Trajanum,</strong></span> <span class='ocrx_word' id='word_1_225' title='bbox 1549 2681 1775 2759; x_wconf 79' lang='lat' dir='ltr'><strong>Hadrianum,</strong></span> <span class='ocrx_word' id='word_1_226' title='bbox 1793 2680 1981 2744; x_wconf 76' lang='lat' dir='ltr'><strong>Antoninum</strong></span> 
     </span>
     <span class='ocr_line' id='line_1_23' title="bbox 515 2776 1983 2868; baseline 0.002 -27"><span class='ocrx_word' id='word_1_227' title='bbox 515 2776 770 2844; x_wconf 85' lang='grc' dir='ltr'><strong>ΖΗΝΩΝΟΣ.</strong></span> <span class='ocrx_word' id='word_1_228' title='bbox 821 2783 1009 2850; x_wconf 84' lang='grc' dir='ltr'><strong>ΖΗΝΩΝ.</strong></span> <span class='ocrx_word' id='word_1_229' title='bbox 1060 2777 1185 2848; x_wconf 73' lang='grc' dir='ltr'><strong>ΤΙΩΣ.</strong></span> <span class='ocrx_word' id='word_1_230' title='bbox 1242 2785 1424 2866; x_wconf 80' lang='lat' dir='ltr'><strong>gratiosus,</strong></span> <span class='ocrx_word' id='word_1_231' title='bbox 1451 2784 1542 2868; x_wconf 87' lang='lat' dir='ltr'><strong>cujus</strong></span> <span class='ocrx_word' id='word_1_232' title='bbox 1561 2783 1649 2846; x_wconf 85' lang='lat' dir='ltr'><strong>iilius</strong></span> <span class='ocrx_word' id='word_1_233' title='bbox 1668 2784 1826 2858; x_wconf 77' lang='lat' dir='ltr'><strong>Attalus,</strong></span> <span class='ocrx_word' id='word_1_234' title='bbox 1847 2795 1883 2844; x_wconf 83' lang='lat' dir='ltr'><strong>nt</strong></span> <span class='ocrx_word' id='word_1_235' title='bbox 1904 2780 1983 2844; x_wconf 86' lang='lat' dir='ltr'><strong>vide·</strong></span> 
     </span>
     <span class='ocr_line' id='line_1_24' title="bbox 434 2875 1981 2978; baseline -0.002 -35"><span class='ocrx_word' id='word_1_236' title='bbox 434 2875 739 2948; x_wconf 64' lang='grc' dir='ltr'><strong>,ΛΑΟΔΙΚΕΩΝ</strong></span> <span class='ocrx_word' id='word_1_237' title='bbox 754 2879 1068 2978; x_wconf 72' lang='grc' dir='ltr'><strong>ΣΜΤΡΝᾼῙΩΝ.</strong></span> <span class='ocrx_word' id='word_1_238' title='bbox 1088 2888 1187 2949; x_wconf 85' lang='lat' dir='ltr'><strong>Duae</strong></span> <span class='ocrx_word' id='word_1_239' title='bbox 1242 2883 1364 2960; x_wconf 87' lang='lat' dir='ltr'><strong>bimus,</strong></span> <span class='ocrx_word' id='word_1_240' title='bbox 1384 2884 1541 2968; x_wconf 79' lang='lat' dir='ltr'><strong>frequens</strong></span> <span class='ocrx_word' id='word_1_241' title='bbox 1556 2899 1606 2949; x_wconf 87' lang='lat' dir='ltr'><strong>est</strong></span> <span class='ocrx_word' id='word_1_242' title='bbox 1622 2887 1656 2946; x_wconf 91' lang='lat' dir='ltr'><strong>in</strong></span> <span class='ocrx_word' id='word_1_243' title='bbox 1667 2887 1862 2950; x_wconf 86' lang='lat' dir='ltr'><strong>Laodiceae</strong></span> <span class='ocrx_word' id='word_1_244' title='bbox 1877 2885 1981 2945; x_wconf 82' lang='lat' dir='ltr'><strong>numia.</strong></span> 
     </span>
     <span class='ocr_line' id='line_1_25' title="bbox 441 2983 1984 3068; baseline 0.001 -24"><span class='ocrx_word' id='word_1_245' title='bbox 441 2983 598 3046; x_wconf 82' lang='lat' dir='ltr'><strong>ruulieras</strong></span> <span class='ocrx_word' id='word_1_246' title='bbox 613 2995 832 3050; x_wconf 69' lang='lat' dir='ltr'><strong>stuntcmum</strong></span> <span class='ocrx_word' id='word_1_247' title='bbox 848 2990 1001 3052; x_wconf 70' lang='lat' dir='ltr'><strong>bustiae!</strong></span> <span class='ocrx_word' id='word_1_248' title='bbox 1014 2990 1186 3050; x_wconf 70' lang='lat' dir='ltr'><strong>dexterum</strong></span> <span class='ocrx_word' id='word_1_249' title='bbox 1241 2985 1323 3048; x_wconf 85' lang='lat' dir='ltr'><strong>Eam</strong></span> <span class='ocrx_word' id='word_1_250' title='bbox 1346 2987 1516 3050; x_wconf 86' lang='lat' dir='ltr'><strong>Zenonum</strong></span> <span class='ocrx_word' id='word_1_251' title='bbox 1545 2999 1580 3048; x_wconf 86' lang='lat' dir='ltr'><strong>et</strong></span> <span class='ocrx_word' id='word_1_252' title='bbox 1602 2987 1829 3052; x_wconf 87' lang='lat' dir='ltr'><strong>Polemonum</strong></span> <span class='ocrx_word' id='word_1_253' title='bbox 1858 2985 1984 3068; x_wconf 87' lang='lat' dir='ltr'><strong>stirpem</strong></span> 
     </span>
     <span class='ocr_line' id='line_1_26' title="bbox 436 3083 1984 3173; baseline 0.003 -29"><span class='ocrx_word' id='word_1_254' title='bbox 436 3083 629 3165; x_wconf 75' lang='lat' dir='ltr'><strong>jungentes,</strong></span> <span class='ocrx_word' id='word_1_255' title='bbox 651 3088 739 3148; x_wconf 84' lang='lat' dir='ltr'><strong>inter</strong></span> <span class='ocrx_word' id='word_1_256' title='bbox 754 3109 1015 3164; x_wconf 74' lang='lat' dir='ltr'><strong>quasnsummo</strong></span> <span class='ocrx_word' id='word_1_257' title='bbox 1032 3090 1186 3150; x_wconf 84' lang='lat' dir='ltr'><strong>deorsum</strong></span> <span class='ocrx_word' id='word_1_258' title='bbox 1241 3086 1401 3170; x_wconf 75' lang='lat' dir='ltr'><strong>prolixius</strong></span> <span class='ocrx_word' id='word_1_259' title='bbox 1427 3107 1489 3170; x_wconf 84' lang='lat' dir='ltr'><strong>par</strong></span> <span class='ocrx_word' id='word_1_260' title='bbox 1517 3101 1651 3153; x_wconf 86' lang='lat' dir='ltr'><strong>tenuem</strong></span> <span class='ocrx_word' id='word_1_261' title='bbox 1679 3092 1910 3173; x_wconf 85' lang='lat' dir='ltr'><strong>conjecturam</strong></span> <span class='ocrx_word' id='word_1_262' title='bbox 1936 3085 1984 3148; x_wconf 88' lang='lat' dir='ltr'><strong>de·</strong></span> 
     </span>
     <span class='ocr_line' id='line_1_27' title="bbox 439 3183 1986 3276; baseline 0.001 -30"><span class='ocrx_word' id='word_1_263' title='bbox 439 3187 620 3266; x_wconf 82' lang='lat' dir='ltr'><strong>scriptum:</strong></span> <span class='ocrx_word' id='word_1_264' title='bbox 638 3183 848 3254; x_wconf 82' lang='grc' dir='ltr'><strong>ΟΜΗΡΟΣ.</strong></span> <span class='ocrx_word' id='word_1_265' title='bbox 868 3189 902 3250; x_wconf 90' lang='lat' dir='ltr'><strong>in</strong></span> <span class='ocrx_word' id='word_1_266' title='bbox 917 3210 1016 3254; x_wconf 88' lang='lat' dir='ltr'><strong>numo</strong></span> <span class='ocrx_word' id='word_1_267' title='bbox 1028 3188 1183 3254; x_wconf 87' lang='lat' dir='ltr'><strong>Neronis.</strong></span> <span class='ocrx_word' id='word_1_268' title='bbox 1242 3187 1320 3250; x_wconf 82' lang='lat' dir='ltr'><strong>duri</strong></span> <span class='ocrx_word' id='word_1_269' title='bbox 1343 3188 1377 3250; x_wconf 89' lang='lat' dir='ltr'><strong>in</strong></span> <span class='ocrx_word' id='word_1_270' title='bbox 1400 3191 1481 3251; x_wconf 88' lang='lat' dir='ltr'><strong>meis</strong></span> <span class='ocrx_word' id='word_1_271' title='bbox 1499 3188 1625 3255; x_wconf 84' lang='lat' dir='ltr'><strong>Numia.</strong></span> <span class='ocrx_word' id='word_1_272' title='bbox 1647 3205 1717 3256; x_wconf 79' lang='lat' dir='ltr'><strong>ret.</strong></span> <span class='ocrx_word' id='word_1_273' title='bbox 1740 3213 1774 3276; x_wconf 90' lang='lat' dir='ltr'><strong>p.</strong></span> <span class='ocrx_word' id='word_1_274' title='bbox 1790 3192 1864 3255; x_wconf 75' lang='lat' dir='ltr'><strong>coo.</strong></span> <span class='ocrx_word' id='word_1_275' title='bbox 1903 3189 1986 3250; x_wconf 86' lang='lat' dir='ltr'><strong>Zeno</strong></span> 
     </span>
     <span class='ocr_line' id='line_1_28' title="bbox 441 3273 1985 3374; baseline 0.003 -29"><span class='ocrx_word' id='word_1_276' title='bbox 441 3285 574 3368; x_wconf 83' lang='lat' dir='ltr'><strong>(Haym.</strong></span> <span class='ocrx_word' id='word_1_277' title='bbox 593 3285 687 3349; x_wconf 72' lang='lat' dir='ltr'><strong>m.</strong></span> <span class='ocrx_word' id='word_1_278' title='bbox 701 3309 743 3370; x_wconf 81' lang='lat' dir='ltr'><strong>p.</strong></span> <span class='ocrx_word' id='word_1_279' title='bbox 760 3310 801 3351; x_wconf 92' lang='lat' dir='ltr'><strong>m.</strong></span> <span class='ocrx_word' id='word_1_280' title='bbox 821 3290 909 3372; x_wconf 78' lang='lat'><strong>237.)</strong></span> <span class='ocrx_word' id='word_1_281' title='bbox 1240 3287 1387 3353; x_wconf 85' lang='lat' dir='ltr'><strong>medicus</strong></span> <span class='ocrx_word' id='word_1_282' title='bbox 1406 3273 1636 3374; x_wconf 66' lang='lat' dir='ltr'><strong>Heiophilena</strong></span> <span class='ocrx_word' id='word_1_283' title='bbox 1662 3291 1822 3362; x_wconf 81' lang='lat' dir='ltr'><strong>laudatur</strong></span> <span class='ocrx_word' id='word_1_284' title='bbox 1850 3289 1947 3354; x_wconf 84' lang='lat' dir='ltr'><strong>etiam</strong></span> <span class='ocrx_word' id='word_1_285' title='bbox 1970 3309 1985 3346; x_wconf 86' lang='lat' dir='ltr'><strong>a</strong></span> 
     </span>
     <span class='ocr_line' id='line_1_29' title="bbox 501 3386 1598 3476; baseline 0.005 -29"><span class='ocrx_word' id='word_1_286' title='bbox 501 3386 644 3449; x_wconf 88' lang='lat' dir='ltr'><strong>Numnm</strong></span> <span class='ocrx_word' id='word_1_287' title='bbox 668 3389 762 3453; x_wconf 66' lang='lat' dir='ltr'><strong>«hunc</strong></span> <span class='ocrx_word' id='word_1_288' title='bbox 799 3391 1050 3474; x_wconf 84' lang='lat' dir='ltr'><strong>integerrimum</strong></span> <span class='ocrx_word' id='word_1_289' title='bbox 1086 3396 1186 3458; x_wconf 65' lang='lat' dir='ltr'><strong>uocat</strong></span> <span class='ocrx_word' id='word_1_290' title='bbox 1215 3389 1392 3474; x_wconf 32' lang='lat' dir='ltr'><strong>‘Diogene</strong></span> <span class='ocrx_word' id='word_1_291' title='bbox 1407 3391 1542 3456; x_wconf 88' lang='lat' dir='ltr'><strong>Laertio</strong></span> <span class='ocrx_word' id='word_1_292' title='bbox 1558 3395 1598 3476; x_wconf 76' lang='lat'><strong>⁰).</strong></span> 
     </span>
     <span class='ocr_line' id='line_1_30' title="bbox 437 3487 1186 3576; baseline 0.015 -29"><span class='ocrx_word' id='word_1_293' title='bbox 437 3487 596 3569; x_wconf 83' lang='lat' dir='ltr'><strong>Hapmius</strong></span> <span class='ocrx_word' id='word_1_294' title='bbox 610 3534 618 3566; x_wconf 85' lang='lat'><strong>‚</strong></span> <span class='ocrx_word' id='word_1_295' title='bbox 632 3503 677 3552; x_wconf 72' lang='lat' dir='ltr'><strong>as</strong></span> <span class='ocrx_word' id='word_1_296' title='bbox 691 3491 719 3552; x_wconf 91' lang='lat' dir='ltr'><strong>si</strong></span> <span class='ocrx_word' id='word_1_297' title='bbox 739 3505 850 3576; x_wconf 86' lang='lat' dir='ltr'><strong>typum</strong></span> <span class='ocrx_word' id='word_1_298' title='bbox 873 3491 996 3556; x_wconf 80' lang='lat' dir='ltr'><strong>faciunt</strong></span> <span class='ocrx_word' id='word_1_299' title='bbox 1014 3493 1096 3558; x_wconf 86' lang='lat' dir='ltr'><strong>dnae</strong></span> <span class='ocrx_word' id='word_1_300' title='bbox 1116 3515 1186 3557; x_wconf 90' lang='lat' dir='ltr'><strong>mu·</strong></span> 
     </span>
     <span class='ocr_line' id='line_1_31' title="bbox 439 3587 1868 3676; baseline 0.015 -28"><span class='ocrx_word' id='word_1_301' title='bbox 439 3587 559 3666; x_wconf 84' lang='lat' dir='ltr'><strong>lieres,</strong></span> <span class='ocrx_word' id='word_1_302' title='bbox 577 3591 655 3676; x_wconf 76' lang='lat' dir='ltr'><strong>quid</strong></span> <span class='ocrx_word' id='word_1_303' title='bbox 673 3591 714 3654; x_wconf 85' lang='lat' dir='ltr'><strong>ad</strong></span> <span class='ocrx_word' id='word_1_304' title='bbox 730 3594 787 3656; x_wconf 88' lang='lat' dir='ltr'><strong>has</strong></span> <span class='ocrx_word' id='word_1_305' title='bbox 807 3593 1084 3661; x_wconf 68' lang='lat' dir='ltr'><strong>facit-Homerus?</strong></span> <span class='ocrx_word' id='word_1_306' title='bbox 1104 3596 1185 3660; x_wconf 84' lang='lat' dir='ltr'><strong>Cre·</strong></span> <span class='ocrx_word' id='word_1_307' title='bbox 1864 3615 1868 3622; x_wconf 87' lang='grc'><em>“</em></span> 
     </span>
     <span class='ocr_line' id='line_1_32' title="bbox 440 3688 1989 3779; baseline 0.001 -29"><span class='ocrx_word' id='word_1_308' title='bbox 440 3689 483 3752; x_wconf 92' lang='lat' dir='ltr'><strong>do</strong></span> <span class='ocrx_word' id='word_1_309' title='bbox 498 3691 613 3754; x_wconf 87' lang='lat' dir='ltr'><strong>saltem</strong></span> <span class='ocrx_word' id='word_1_310' title='bbox 632 3693 672 3756; x_wconf 89' lang='lat' dir='ltr'><strong>ab</strong></span> <span class='ocrx_word' id='word_1_311' title='bbox 691 3694 751 3756; x_wconf 92' lang='lat' dir='ltr'><strong>hac</strong></span> <span class='ocrx_word' id='word_1_312' title='bbox 764 3709 864 3777; x_wconf 44' lang='lat' dir='ltr'><strong>,parte</strong></span> <span class='ocrx_word' id='word_1_313' title='bbox 882 3717 1014 3758; x_wconf 90' lang='lat' dir='ltr'><strong>numum</strong></span> <span class='ocrx_word' id='word_1_314' title='bbox 1033 3696 1183 3779; x_wconf 84' lang='lat' dir='ltr'><strong>Hapmia-</strong></span> <span class='ocrx_word' id='word_1_315' title='bbox 1302 3689 1507 3758; x_wconf 80' lang='grc' dir='ltr'><strong>ῙΟΤΛΙΟΤ.</strong></span> <span class='ocrx_word' id='word_1_316' title='bbox 1522 3690 1818 3760; x_wconf 82' lang='grc' dir='ltr'><strong>ΠΟΣΤΑΜΟΤ.</strong></span> <span class='ocrx_word' id='word_1_317' title='bbox 1834 3688 1989 3756; x_wconf 79' lang='grc' dir='ltr'><strong>ΛΑΟΔΙ-</strong></span> 
     </span>
     <span class='ocr_line' id='line_1_33' title="bbox 432 3792 1797 3878; baseline 0.01 -29"><span class='ocrx_word' id='word_1_318' title='bbox 432 3809 518 3850; x_wconf 84' lang='lat' dir='ltr'><strong>num</strong></span> <span class='ocrx_word' id='word_1_319' title='bbox 538 3792 661 3875; x_wconf 90' lang='lat' dir='ltr'><strong>aliquid</strong></span> <span class='ocrx_word' id='word_1_320' title='bbox 684 3817 833 3878; x_wconf 87' lang='lat' dir='ltr'><strong>passum,</strong></span> <span class='ocrx_word' id='word_1_321' title='bbox 861 3819 935 3860; x_wconf 83' lang='lat' dir='ltr'><strong>nam</strong></span> <span class='ocrx_word' id='word_1_322' title='bbox 961 3797 1184 3861; x_wconf 74' lang='lat' dir='ltr'><strong>similisalter</strong></span> <span class='ocrx_word' id='word_1_323' title='bbox 1239 3793 1389 3862; x_wconf 85' lang='grc' dir='ltr'><strong>ΚΕΩΝ.</strong></span> <span class='ocrx_word' id='word_1_324' title='bbox 1407 3794 1445 3862; x_wconf 89' lang='grc' dir='ltr'><strong>Β.</strong></span> <span class='ocrx_word' id='word_1_325' title='bbox 1463 3795 1498 3858; x_wconf 87' lang='lat' dir='ltr'><strong>in</strong></span> <span class='ocrx_word' id='word_1_326' title='bbox 1513 3816 1613 3861; x_wconf 85' lang='lat' dir='ltr'><strong>nume</strong></span> <span class='ocrx_word' id='word_1_327' title='bbox 1631 3798 1797 3862; x_wconf 85' lang='lat' dir='ltr'><strong>Neronis.</strong></span> 
     </span>
     <span class='ocr_line' id='line_1_34' title="bbox 440 3889 1993 3984; baseline 0.003 -33"><span class='ocrx_word' id='word_1_328' title='bbox 440 3889 526 3968; x_wconf 89' lang='lat' dir='ltr'><strong>apud</strong></span> <span class='ocrx_word' id='word_1_329' title='bbox 544 3893 754 3974; x_wconf 83' lang='lat' dir='ltr'><strong>Morellium‚</strong></span> <span class='ocrx_word' id='word_1_330' title='bbox 777 3900 839 3961; x_wconf 84' lang='lat' dir='ltr'><strong>etsi</strong></span> <span class='ocrx_word' id='word_1_331' title='bbox 858 3893 1119 3962; x_wconf 78' lang='lat' dir='ltr'><strong>multum-attrita</strong></span> <span class='ocrx_word' id='word_1_332' title='bbox 1136 3898 1183 3960; x_wconf 93' lang='lat' dir='ltr'><strong>in·</strong></span> <span class='ocrx_word' id='word_1_333' title='bbox 1303 3897 1358 3960; x_wconf 87' lang='lat' dir='ltr'><strong>Sic</strong></span> <span class='ocrx_word' id='word_1_334' title='bbox 1377 3897 1551 3980; x_wconf 79' lang='lat' dir='ltr'><strong>legendam</strong></span> <span class='ocrx_word' id='word_1_335' title='bbox 1574 3899 1787 3984; x_wconf 76' lang='lat' dir='ltr'><strong>epigraphen</strong></span> <span class='ocrx_word' id='word_1_336' title='bbox 1808 3897 1908 3961; x_wconf 86' lang='lat' dir='ltr'><strong>docet</strong></span> <span class='ocrx_word' id='word_1_337' title='bbox 1924 3895 1993 3958; x_wconf 87' lang='lat' dir='ltr'><strong>Pel·</strong></span> 
     </span>
     <span class='ocr_line' id='line_1_35' title="bbox 440 3989 1993 4084; baseline 0.004 -32"><span class='ocrx_word' id='word_1_338' title='bbox 440 3989 638 4072; x_wconf 84' lang='lat' dir='ltr'><strong>scriptione,</strong></span> <span class='ocrx_word' id='word_1_339' title='bbox 661 3993 798 4078; x_wconf 84' lang='lat' dir='ltr'><strong>liguram</strong></span> <span class='ocrx_word' id='word_1_340' title='bbox 825 4021 843 4061; x_wconf 88' lang='lat' dir='ltr'><strong>a</strong></span> <span class='ocrx_word' id='word_1_341' title='bbox 871 3999 1016 4064; x_wconf 81' lang='lat' dir='ltr'><strong>dexteris</strong></span> <span class='ocrx_word' id='word_1_342' title='bbox 1043 4011 1182 4061; x_wconf 84' lang='lat' dir='ltr'><strong>stantem</strong></span> <span class='ocrx_word' id='word_1_343' title='bbox 1238 3995 1431 4081; x_wconf 71' lang='lat' dir='ltr'><strong>leriuiusd)</strong></span> <span class='ocrx_word' id='word_1_344' title='bbox 1455 4013 1572 4064; x_wconf 84' lang='lat' dir='ltr'><strong>contra</strong></span> <span class='ocrx_word' id='word_1_345' title='bbox 1595 4001 1850 4076; x_wconf 84' lang='lat' dir='ltr'><strong>Vaillantinnr‚</strong></span> <span class='ocrx_word' id='word_1_346' title='bbox 1881 4000 1937 4084; x_wconf 87' lang='lat' dir='ltr'><strong>qni</strong></span> <span class='ocrx_word' id='word_1_347' title='bbox 1963 3998 1993 4058; x_wconf 93' lang='lat' dir='ltr'><strong>in</strong></span> 
     </span>
     <span class='ocr_line' id='line_1_36' title="bbox 440 4089 1993 4184; baseline 0.005 -32"><span class='ocrx_word' id='word_1_348' title='bbox 440 4089 745 4172; x_wconf 81' lang='lat' dir='ltr'><strong>offertvirilem,ac</strong></span> <span class='ocrx_word' id='word_1_349' title='bbox 761 4099 943 4165; x_wconf 83' lang='lat' dir='ltr'><strong>liberaliter</strong></span> <span class='ocrx_word' id='word_1_350' title='bbox 957 4098 1178 4180; x_wconf 76' lang='lat' dir='ltr'><strong>barbatamb).</strong></span> <span class='ocrx_word' id='word_1_351' title='bbox 1236 4101 1335 4164; x_wconf 89' lang='lat' dir='ltr'><strong>simili</strong></span> <span class='ocrx_word' id='word_1_352' title='bbox 1364 4099 1447 4184; x_wconf 78' lang='lat' dir='ltr'><strong>legit</strong></span> <span class='ocrx_word' id='word_1_353' title='bbox 1478 4093 1635 4168; x_wconf 81' lang='grc' dir='ltr'><strong>ΓΑΙΟΣ.</strong></span> <span class='ocrx_word' id='word_1_354' title='bbox 1674 4095 1993 4164; x_wconf 74' lang='grc' dir='ltr'><strong>ΠΟΣΤΤΜΙΟΣ.</strong></span> 
     </span>
     <span class='ocr_line' id='line_1_37' title="bbox 440 4187 1997 4284; baseline 0.003 -30"><span class='ocrx_word' id='word_1_355' title='bbox 440 4190 521 4284; x_wconf 78' lang='lat' dir='ltr'><strong>Quis</strong></span> <span class='ocrx_word' id='word_1_356' title='bbox 539 4192 580 4254; x_wconf 90' lang='lat' dir='ltr'><strong>ait</strong></span> <span class='ocrx_word' id='word_1_357' title='bbox 593 4214 710 4258; x_wconf 82' lang='lat' dir='ltr'><strong>sensns</strong></span> <span class='ocrx_word' id='word_1_358' title='bbox 727 4199 824 4262; x_wconf 84' lang='lat' dir='ltr'><strong>trium</strong></span> <span class='ocrx_word' id='word_1_359' title='bbox 842 4202 1109 4284; x_wconf 84' lang='lat' dir='ltr'><strong>praecedentium</strong></span> <span class='ocrx_word' id='word_1_360' title='bbox 1124 4221 1180 4268; x_wconf 75' lang='lat' dir='ltr'><strong>vo·</strong></span> <span class='ocrx_word' id='word_1_361' title='bbox 1229 4193 1544 4266; x_wconf 80' lang='grc' dir='ltr'><strong>ΛΑΟΛΙΚΕῙΑΣ.</strong></span> <span class='ocrx_word' id='word_1_362' title='bbox 1555 4199 1595 4267; x_wconf 90' lang='grc' dir='ltr'><strong>Β.</strong></span> <span class='ocrx_word' id='word_1_363' title='bbox 1612 4187 1743 4266; x_wconf 81' lang='lat' dir='ltr'><strong>Tamen</strong></span> <span class='ocrx_word' id='word_1_364' title='bbox 1757 4205 1795 4266; x_wconf 91' lang='lat' dir='ltr'><strong>in</strong></span> <span class='ocrx_word' id='word_1_365' title='bbox 1811 4203 1914 4264; x_wconf 90' lang='lat' dir='ltr'><strong>simili</strong></span> <span class='ocrx_word' id='word_1_366' title='bbox 1930 4203 1997 4260; x_wconf 83' lang='lat' dir='ltr'><strong>illo·</strong></span> 
     </span>
     <span class='ocr_line' id='line_1_38' title="bbox 432 4293 2001 4388; baseline 0.001 -29"><span class='ocrx_word' id='word_1_367' title='bbox 432 4295 648 4372; x_wconf 83' lang='lat' dir='ltr'><strong>¹cabalorum,</strong></span> <span class='ocrx_word' id='word_1_368' title='bbox 676 4317 773 4382; x_wconf 85' lang='lat' dir='ltr'><strong>quem</strong></span> <span class='ocrx_word' id='word_1_369' title='bbox 800 4301 929 4366; x_wconf 85' lang='lat' dir='ltr'><strong>insolita</strong></span> <span class='ocrx_word' id='word_1_370' title='bbox 956 4304 1037 4368; x_wconf 90' lang='lat' dir='ltr'><strong>haec</strong></span> <span class='ocrx_word' id='word_1_371' title='bbox 1064 4316 1098 4366; x_wconf 88' lang='lat' dir='ltr'><strong>et</strong></span> <span class='ocrx_word' id='word_1_372' title='bbox 1126 4301 1180 4366; x_wconf 91' lang='lat' dir='ltr'><strong>ad·</strong></span> <span class='ocrx_word' id='word_1_373' title='bbox 1235 4301 1350 4367; x_wconf 84' lang='lat' dir='ltr'><strong>rellius</strong></span> <span class='ocrx_word' id='word_1_374' title='bbox 1380 4301 1487 4388; x_wconf 71' lang='lat' dir='ltr'><strong>legite</strong></span> <span class='ocrx_word' id='word_1_375' title='bbox 1521 4295 1679 4369; x_wconf 79' lang='grc' dir='ltr'><strong>ΓΑΙΟΣ.</strong></span> <span class='ocrx_word' id='word_1_376' title='bbox 1728 4293 2001 4370; x_wconf 75' lang='grc' dir='ltr'><strong>ΠΟΣΤΟΤΜ.</strong></span> 
     </span>
     <span class='ocr_line' id='line_1_39' title="bbox 437 4395 1647 4486; baseline 0.007 -26"><span class='ocrx_word' id='word_1_377' title='bbox 437 4416 533 4462; x_wconf 81' lang='lat' dir='ltr'><strong>versa</strong></span> <span class='ocrx_word' id='word_1_378' title='bbox 547 4395 692 4464; x_wconf 82' lang='lat' dir='ltr'><strong>Graecae</strong></span> <span class='ocrx_word' id='word_1_379' title='bbox 702 4401 1043 4486; x_wconf 78' lang='lat' dir='ltr'><strong>‚liuguaemetathesis</strong></span> <span class='ocrx_word' id='word_1_380' title='bbox 1059 4405 1179 4483; x_wconf 83' lang='lat' dir='ltr'><strong>turbat,</strong></span> <span class='ocrx_word' id='word_1_381' title='bbox 1234 4401 1531 4469; x_wconf 84' lang='grc' dir='ltr'><strong>ΛΑΟΔΙΚΕΩΝ.</strong></span> <span class='ocrx_word' id='word_1_382' title='bbox 1548 4402 1587 4472; x_wconf 93' lang='grc' dir='ltr'><strong>Β.</strong></span> <span class='ocrx_word' id='word_1_383' title='bbox 1605 4405 1647 4486; x_wconf 76' lang='lat' dir='ltr'><strong>e).</strong></span> 
     </span>
    </p>
   </div>
   <div class='ocr_carea' id='block_1_5' title="bbox 443 4561 2003 4598">
    <p class='ocr_par' dir='ltr' id='par_1_5' title="bbox 443 4561 2003 4598">
     <span class='ocr_line' id='line_1_40' title="bbox 443 4561 2003 4598; baseline -0.004 -7"><span class='ocrx_word' id='word_1_384' title='bbox 443 4561 2003 4598; x_wconf 47' lang='lat' dir='ltr'><strong>man-*m-</strong></span> 
     </span>
    </p>
   </div>
   <div class='ocr_carea' id='block_1_6' title="bbox 433 4637 1999 4800">
    <p class='ocr_par' dir='ltr' id='par_1_6' title="bbox 433 4637 1999 4800">
     <span class='ocr_line' id='line_1_41' title="bbox 475 4637 1999 4725; baseline 0.009 -35"><span class='ocrx_word' id='word_1_385' title='bbox 475 4637 506 4705; x_wconf 85' lang='lat' dir='ltr'><strong>s)</strong></span> <span class='ocrx_word' id='word_1_386' title='bbox 526 4637 592 4694; x_wconf 84' lang='lat' dir='ltr'><strong>Mal.</strong></span> <span class='ocrx_word' id='word_1_387' title='bbox 610 4641 648 4698; x_wconf 90' lang='lat'><strong>11.</strong></span> <span class='ocrx_word' id='word_1_388' title='bbox 666 4653 753 4716; x_wconf 67' lang='lat' dir='ltr'><strong>psi·</strong></span> <span class='ocrx_word' id='word_1_389' title='bbox 803 4643 1027 4724; x_wconf 42' lang='lat' dir='ltr'><strong>*blinNerone</strong></span> <span class='ocrx_word' id='word_1_390' title='bbox 1047 4649 1251 4712; x_wconf 73' lang='lat' dir='ltr'><strong>sah-xutn.</strong></span> <span class='ocrx_word' id='word_1_391' title='bbox 1271 4662 1313 4724; x_wconf 80' lang='lat'><strong>19.</strong></span> <span class='ocrx_word' id='word_1_392' title='bbox 1363 4647 1532 4722; x_wconf 65' lang='lat' dir='ltr'><strong>amn.</strong></span> <span class='ocrx_word' id='word_1_393' title='bbox 1554 4650 1641 4722; x_wconf 57' lang='lat' dir='ltr'><strong>§.aa</strong></span> <span class='ocrx_word' id='word_1_394' title='bbox 1698 4650 1739 4721; x_wconf 86' lang='lat' dir='ltr'><strong>d)</strong></span> <span class='ocrx_word' id='word_1_395' title='bbox 1763 4649 1844 4708; x_wconf 82' lang='lat' dir='ltr'><strong>Mel.</strong></span> <span class='ocrx_word' id='word_1_396' title='bbox 1860 4651 1899 4708; x_wconf 93' lang='lat'><strong>11.</strong></span> <span class='ocrx_word' id='word_1_397' title='bbox 1916 4656 1999 4725; x_wconf 71' lang='lat' dir='ltr'><strong>pii.</strong></span> 
     </span>
     <span class='ocr_line' id='line_1_42' title="bbox 433 4723 934 4800; baseline 0.024 -19"><span class='ocrx_word' id='word_1_398' title='bbox 433 4723 470 4792; x_wconf 60' lang='lat'><strong>⁹⁰)</strong></span> <span class='ocrx_word' id='word_1_399' title='bbox 490 4723 576 4782; x_wconf 84' lang='lat' dir='ltr'><strong>Num.</strong></span> <span class='ocrx_word' id='word_1_400' title='bbox 592 4727 701 4788; x_wconf 84' lang='lat' dir='ltr'><strong>Neron.</strong></span> <span class='ocrx_word' id='word_1_401' title='bbox 722 4731 781 4792; x_wconf 85' lang='lat' dir='ltr'><strong>tab.</strong></span> <span class='ocrx_word' id='word_1_402' title='bbox 801 4745 843 4800; x_wconf 78' lang='lat'><strong>13.</strong></span> <span class='ocrx_word' id='word_1_403' title='bbox 863 4753 891 4794; x_wconf 92' lang='lat' dir='ltr'><strong>u.</strong></span> <span class='ocrx_word' id='word_1_404' title='bbox 907 4744 934 4799; x_wconf 81' lang='grc'><strong>4.</strong></span> 
     </span>
    </p>
   </div>
   <div class='ocr_carea' id='block_1_7' title="bbox 0 0 2124 5460">
    <p class='ocr_par' dir='ltr' id='par_1_7' title="bbox 0 0 2124 5460">
     <span class='ocr_line' id='line_1_43' title="bbox 0 0 2124 5460; baseline 0 0"><span class='ocrx_word' id='word_1_405' title='bbox 0 0 2124 5460; x_wconf 95' lang='lat' dir='ltr'><strong> </strong></span> 
     </span>
    </p>
   </div>
  </div>
 </body>
</html>
