4168 5454
749 575 1107 656 occaecata
1625 602 1697 683 „0

146 741 254 826 ampla
280 739 412 826 navigia
433 741 515 808 velia
542 741 707 828 mmiaque
736 741 894 814 inatruote
949 747 1020 812 ludi
1034 748 1097 812 acti
1121 745 1161 811 ah
1177 749 1247 830 ejua
1273 761 1394 814 treetoa
1416 751 1551 818 urhihua
1573 760 1693 838 praeei-

144 843 309 908 ieacotur.
361 845 471 908 'l'aoeo
499 844 674 930 Nicopolin
705 845 746 912 ad
774 851 894 916 latrum
950 849 1102 915 dentihua
1122 848 1323 929 Gadareoia,
1354 873 1492 938 quorum
1520 855 1598 920 urba
1625 879 1694 921 me·

146 947 255 1032 ampla
291 945 419 1030 navigia
457 943 679 1012 exhibentem.
732 951 895 1018 Teatimo·
950 953 1090 1036 tropolia
1117 952 1197 1029 fuit,
1231 967 1271 1020 et.
1294 955 1327 1020 in
1350 957 1445 1039 hujoa
1477 958 1583 1022 numia
1610 958 1692 1024 haec

144 1049 239 1112 mum
254 1048 419 1114 Ammiani
439 1049 552 1112 neaoio
572 1069 613 1112 aa
628 1048 800 1116 Pellerinli
821 1073 896 1118 cau·
950 1055 1140 1119 naumachia
1159 1054 1321 1134 exhibita,
1342 1071 1378 1120 ut
1400 1060 1580 1122 'l'araenaea
1600 1059 1694 1126 ludoa

145 1171 204 1220 eae
225 1151 351 1228 iaceat,
380 1169 455 1218 uem
482 1151 644 1218 Celleriua
673 1172 715 1216 ex
745 1169 893 1222 veterum
951 1157 985 1220 in
1006 1158 1142 1220 remotio
1158 1155 1309 1239 Codrigia
1327 1157 1490 1222 institutoa
1508 1162 1542 1224 in
1564 1177 1694 1228 moneta

144 1257 280 1341 scriptia
301 1253 439 1340 prohat,
461 1254 589 1318 Gadara
609 1253 710 1318 luiaae
739 1257 799 1355 aita
820 1279 897 1342 pro·
952 1282 1007 1324 aua
1022 1259 1249 1342 deacripaere,
1272 1273 1304 1322 et
1325 1273 1375 1322 eat
1392 1261 1586 1340 veriaimila,
1610 1263 1693 1328 hanc

145 1377 192 1442 pe
228 1358 334 1441 ripam
372 1355 521 1422 lordonia
557 1358 631 1420 lacu
666 1357 895 1424 Genneaareth
949 1362 1172 1426 naumachiam
1209 1359 1388 1426 inetitutam
1424 1361 1459 1424 in
1501 1366 1693 1430 memoriam
1802 1355 1807 1364 ’

142 1457 363 1545 egredientia.
404 1460 537 1522 Dictum
557 1457 665 1522 laeam
689 1460 896 1544 navigiorum
950 1463 1107 1529 victoriae
1123 1463 1261 1540 navalia,
1283 1483 1380 1547 quam
1401 1464 1638 1548 aVeapaaiano
1659 1471 1693 1532 in

140 1561 251 1626 suinae
274 1561 472 1643 patientem,
499 1580 600 1624 nemo
625 1559 804 1640 dubitabit,
833 1563 894 1626 aed
951 1566 1021 1630 lacu
1048 1563 1276 1629 Genneaareth
1313 1565 1355 1629 de
1394 1564 1522 1630 ludaeia
1556 1569 1693 1652 relatam

144 1683 312 1747 caueam
326 1661 445 1726 lot-dan
459 1661 493 1722 in
510 1661 777 1740 vado'deatituit3
798 1677 895 1728 teate·
951 1688 1028 1729 mox
1049 1667 1134 1742 dixi,
1162 1666 1204 1730 de
1226 1687 1291 1752 quo
1315 1668 1412 1745 vide,
1441 1689 1524 1753 quae
1543 1671 1638 1753 plura
1659 1673 1694 1734 in

141 1780 202 1830 tar
223 1763 312 1828 euim
334 1763 381 1830 cl.
395 1763 512 1829 Sobara
536 1770 585 1849 ¹),
613 1789 649 1831 ae
672 1769 709 1829 iu
727 1765 838 1830 Africa
860 1779 894 1828 et
951 1767 1046 1850 hujus
1061 1768 1201 1852 Augueti
1219 1768 1325 1832 numia
1339 1769 1380 1832 ed
1394 1771 1692 1850 annumV.C.ssnl,.

142 1867 279 1930 oriente
304 1879 380 1950 poet
395 1867 505 1930 Nilum
529 1889 596 1931 uon
617 1869 738 1932 vidiaae
758 1867 895 1935 durium
950 1869 1145 1937 notabimus.

143 1968 289 2033 Iordane
311 1989 465 2052 aquarum
489 1969 576 2033 mole
598 1971 789 2035 auctiorem.
833 1971 894 2032 Fa·
1019 1971 1103 2053 Typi
1120 1971 1175 2063 ah'i
1193 1969 1458 2056 frequentiorea:

142 2083 205 2134 vet
226 2068 363 2132 Gadarie
385 2069 505 2132 nostrie
527 2085 562 2134 et
590 2072 693 2151 illud,
726 2070 814 2154 quod
839 2070 895 2131 Τί·
1019 2075 1124 2153 Gaoput
1145 2074 1305 2137 muliebre
1322 2079 1482 2138 territum
1500 2109 1543 2124 -·
1559 2078 1694 2161 Duplex

141 2171 257 2236 beriae
272 2170 381 2234 eidem
397 2171 501 2249 lacui,
523 2173 583 2237 aed
598 2175 631 2234 in
649 2175 721 2259 ripa
735 2171 894 2256 oppoaita,
952 2179 1169 2255 cornucopiam
1185 2207 1230 2222 -
1252 2176 1357 2256 Caput
1378 2177 1536 2240 Herculis
1552 2182 1694 2243 imberba

143 2273 252 2338 adaita
268 2295 369 2338 navee
391 2286 426 2337 et
443 2295 596 2338 ancoram
614 2277 648 2336 in
667 2289 796 2340 moneta
821 2295 895 2356 pro·
950 2279 1153 2351 laureatum,
1176 2276 1232 2360 qui
1250 2275 1368 2358 Tyrius
1385 2275 1525 2340 videtur.
1547 2311 1591 2328 -
1617 2281 1695 2362 Iup·

142 2379 267 2462 ponit.
311 2374 458 2468 Quodai
480 2378 577 2440 etiam
598 2393 737 2461 propter
754 2378 894 2439 Ammia·
946 2380 1092 2458 piterc'n
1113 2379 1257 2460 templo,
1275 2409 1319 2425 --
1344 2380 1521 2442 Caracallo
1546 2393 1580 2442 et
1606 2380 1693 2444 Geto'

141 2481 180 2540 ni
203 2479 430 2542 auctoritatem
448 2478 586 2558 velimus
602 2479 729 2544 Gadara
750 2479 895 2561 aliquan·
950 2491 1079 2540 stantes
1093 2477 1238 2556 jungunt
1258 2480 1433 2552 dexteros,
1453 2491 1489 2541 et
1505 2499 1692 2567 proponun-

143 2597 218 2644 tum
239 2602 260 2642 a
278 2579 417 2642 Iordane
439 2593 473 2642 et
498 2583 571 2642 lacu
592 2599 785 2657 removere,
807 2577 894 2640 iatud
950 2590 1005 2640 tur
1024 2577 1058 2638 in
1073 2575 1179 2642 antica
1195 2578 1294 2644 numi.
1318 2579 1510 2663 (Falleriu.)

142 2697 258 2746 tamen
296 2693 446 2758 certum,
487 2679 615 2745 Gadara
653 2683 753 2744 fuiaee
788 2680 894 2744 vicina
1207 2725 1228 2764 ,
1311 2680 1332 2720 '¹‘
1416 2725 1437 2768 5

143 2785 278 2868 Hippo,
306 2795 341 2847 et
360 2783 505 2866 Hippana
525 2803 629 2868 prope
652 2767 757 2848 lacum
787 2782 893 2848 eitam.
1016 2782 1187 2844 Honorum
1208 2784 1323 2845 tituli:

142 2885 239 2980 Quid
264 2903 347 2970 ergo
373 2884 529 2967 prohibet
553 2887 588 2948 ta
609 2886 698 2950 dieto
724 2888 798 2948 lacu
818 2898 894 2946 hau·
1018 2881 1143 2959 Sacro,
1176 2883 1344 2966 Asylum,
1373 2886 1588 2966 Autonomo,
1610 2889 1692 2954 Illa·

141 2987 308 3052 maehiam
335 2985 436 3050 luiaae
463 2987 686 3064 celebratam,
715 2985 891 3070 praecipue
948 2985 1052 3058 stris,
1084 2983 1234 3067 expromi
1265 2983 1329 3048 hoc
1359 2985 1481 3050 modo:
1511 2983 1588 3053 ΠΟ.
1618 2987 1694 3052 ΓΑ-

141 3111 223 3152 cum
246 3090 301 3152 hic
333 3091 421 3153 lacot
448 3089 551 3173 juatae
579 3089 681 3154 fuerit
702 3085 893 3171 magnitudi-
949 3081 1052 3148 ΔΑΡ.
1073 3087 1160 3148 LA.
1183 3079 1279 3149 mr.
1299 3084 1340 3148 Κ.
1363 3081 1432 3149 CT.
1452 3088 1486 3148 iu
1503 3091 1610 3152 numia
1627 3094 1692 3154 An·

142 3193 218 3265 nia,
239 3203 337 3274 atque
358 3190 399 3254 ah
421 3190 499 3274 ipaia
519 3189 687 3252 veteribus
708 3195 812 3252 moris
837 3207 895 3250 no·
948 3185 1054 3248 tonini
1073 3197 1107 3248 et
1123 3185 1216 3252 Veri.
1238 3185 1419 3265 (Pelleriu,
1441 3187 1607 3272 Arigoni.)

142 3292 261 3366 mine,
282 3309 402 3373 nempe
429 3291 612 3354 Tiberiadis
632 3310 729 3374 caepe
753 3289 894 3352 honore·
994 3284 1180 3358 ‚solitariae
1204 3287 1262 3352 hae
1288 3287 1401 3350 literae
1428 3287 1493 3370 jam
1519 3292 1694 3375 explicavi·

140 3395 225 3455 turi
247 3393 300 3454 Ad
321 3391 550 3458 instituendam
570 3413 650 3456 uero
671 3392 893 3454 naumachiam
949 3407 1021 3453 mue
1038 3407 1135 3471 anpra
1154 3379 1299 3452 ia‘ahita
1315 3389 1489 3468 Leucade,
1510 3413 1593 3478 quae
1614 3395 1691 3458 urhe

140 3494 377 3580 Quanquam
397 3515 486 3557 mare
504 3491 678 3578 apatioeum
697 3505 893 3576 etapertum
948 3488 1066 3552 iisdem
1094 3511 1150 3554 uae
1178 3503 1238 3556 eat.
1282 3493 1353 3554 Hae
1384 3492 1500 3558 literae
1521 3490 1691 3580 ἐςχαιυσιιι

141 3597 344 3680 requiairitl
380 3596 442 3660 Cui
477 3615 544 3660 aon
573 3595 746 3678 cognitum
778 3593 892 3656 cimilia
948 3611 1023 3653 cum
1040 3604 1133 3654 antea
1156 3607 1222 3656 nou
1245 3593 1321 3656 aetia
1342 3593 1626 3679 intelligerentur,
1650 3617 1691 3660 ea

139 3699 282 3782 penaria
300 3713 469 3766 certamen
493 3696 665 3762 aclaudio
687 3698 721 3760 in
738 3700 814 3760 lacta
828 3697 893 3760 Fu·
948 3692 989 3755 iia
1017 3711 1080 3756 une
1111 3712 1174 3754 vox
1204 3706 1331 3758 temere
1361 3709 1504 3760 conatata
1529 3709 1590 3762 eet.
1634 3697 1689 3794 §ic

137 3801 223 3862 eino
243 3801 345 3866 molto
364 3801 513 3872 arctiori·
529 3798 668 3864 antima
686 3799 816 3864 armati·
835 3817 892 3862 um
947 3794 1140 3862 Vaillantiue
1159 3813 1213 3858 eae
1236 3796 1336 3878 legite
1358 3831 1372 3846 ·
1384 3831 1398 3846 ·
1415 3797 1556 3874 IAAC.,
1576 3812 1690 3862 auctor

137 3901 308 3985 deviginti
332 3903 477 3968 millihua
500 3900 650 3966 aditumt
679 3901 741 3963 alia
763 3897 890 3980 inipso
948 3895 1052 3958 mutei
1070 3897 1235 3979 Theopoli
1256 3893 1478 3976 Kortdtc,
1500 3914 1638 3984 uterque
1655 3901 1688 3960 in

136 4005 286 4082 Tiberi,
325 4005 443 4084 circio,
473 4001 743 4088 amphitheatris?
802 3989 891 4091 Quid
947 4013 1046 4066 numo
1073 3999 1165 4064 Veri.
1221 3999 1367 4066 Tectam
1401 4003 1482 4082 leger
1518 3999 1687 4066 confirmat

137 4105 236 4190 quod
264 4107 297 4170 in
329 4107 446 4170 eodem
476 4107 549 4170 lacu
577 4105 697 4188 justum
731 4101 890 4185 praelium
948 4099 1043 4162 etiam
1062 4100 1389 4184 epigrammavetua,
1420 4123 1524 4187 agene
1545 4103 1587 4168 de
1618 4109 1687 4166 hle·

136 4209 262 4272 navale
298 4231 317 4273 a
346 4207 545 4293 Veapaaiano
583 4206 791 4272 commiamm
828 4215 889 4278 eat,
911 4233 931 4244 -
947 4201 1062 4284 leagro
1083 4219 1180 4286 poeta
1194 4201 1246 4286 1’);
1276 4203 1307 4270 ὁ»
1330 4206 1452 4279 Senias
1470 4197 1608 4284 ἠνδρωσε
1629 4205 1686 4264 'lo-

135 4311 282 4394 eiueque
305 4311 487 4388 momenti,
518 4323 555 4376 ut
579 4308 607 4372 ia
635 4329 703 4371 nou
724 4305 890 4374 debitave-
946 4325 1014 4382 ρος,
1041 4299 1190 4385 Pelopea
1219 4299 1248 4366 δ’
1278 4305 1385 4370 ΙΕΡΑ
1413 4310 1512 4393 χθων.
1553 4305 1685 4370 Literna

135 4413 187 4474 rit
214 4431 285 4475 eam
308 4411 478 4476 victoriam
506 4411 541 4474 in
562 4409 705 4494 plurium
730 4426 889 4474 annorum
946 4407 988 4470 K.
1010 4403 1080 4474 CT.
1103 4405 1286 4491 aignifioaut
1307 4409 1396 4474 uehit
1417 4410 1536 4485 eitum,
1566 4427 1684 4491 nempe

135 4513 253 4576 numia
275 4513 415 4595 jactare,
444 4536 485 4578 au
510 4513 633 4599 poterit
657 4514 729 4595 jure
759 4509 889 4574 excludi
946 4509 1065 4584 Κοιλης
1095 4509 1245 4590 Cretae,
1278 4525 1315 4576 ut
1354 4511 1475 4576 dictum
1517 4531 1613 4592 cupra
1651 4511 1684 4570 in

133 4613 334 4680 naumachia
363 4615 512 4682 lodice-ai
555 4613 718 4688 Videntur
746 4631 828 4696 erpo
854 4611 889 4674 hi
946 4609 1052 4678 Ahila.

177 4819 214 4886 a)
232 4821 355 4896 Voyisse
371 4823 406 4880 Τ.
422 4821 461 4884 ll·
479 4833 565 4900 pil·
639 4817 674 4888 b)
695 4815 782 4876 Anat.
798 4815 924 4874 Brunck.
944 4816 979 4872 Τ.
997 4816 1020 4872 1.
1039 4825 1124 4890 paz.
