4272 5462
640 559 646 567 -
765 525 1044 604 reuecta.
1509 623 1515 636 ¹
1606 515 1694 616 23⁵-

130 689 332 779 eutiqusrios
350 708 394 780 eo
411 691 615 758 enucleando
632 691 810 778 impensius
826 713 881 760 oc·
935 695 1098 782 Plrrygiae
1113 697 1304 783 symbolum,
1319 697 1558 784 quaellttosroc,
1568 701 1675 775 Aron,

131 807 279 880 cupales.
317 793 445 858 Eorum
475 794 600 880 primus
625 793 779 860 Octavius
805 796 881 860 Fal·
937 797 1102 866 teteribus
1131 799 1217 866 dictu
1252 813 1321 879 est,
1358 822 1496 887 eamque
1528 801 1674 887 mnatare

131 895 288 964 conerius
313 894 420 978 daea
444 895 594 960 libellum
615 895 779 962 eruditum
800 916 878 962 sane
935 901 1050 986 aquis,
1080 901 1168 988 quod
1200 901 1315 966 urbem
1342 903 1518 989 cingerent
1545 887 1677 965 Maean·

132 1016 169 1064 et
198 997 369 1085 copiosum
400 999 618 1082 conscripsit,
655 999 710 1065 cui
743 997 876 1062 tituluet
935 1003 997 1068 der
1020 1003 1343 1090 etllarspesdlarii3
1371 1005 1478 1074 virum
1500 1017 1537 1068 et
1560 1001 1676 1066 mulie·
1721 1018 1723 1022 ’
1750 1060 1752 1064 .

133 1101 344 1166 Dissertatio
364 1097 404 1162 de
424 1121 523 1165 numo
541 1101 730 1184 Apamensi
747 1101 881 1178 Danao
934 1126 1008 1170 mm
1027 1125 1123 1173 arceo
1142 1106 1285 1169 inclusos
1310 1125 1384 1170 esse
1406 1108 1495 1174 cites
1515 1107 1676 1192 Apamen-

132 1203 240 1266 lianei
267 1200 391 1264 diatoii
418 1211 536 1284 mum
559 1201 752 1279 exhibente,
778 1207 879 1288 quam
935 1227 1011 1286 ses,
1033 1208 1089 1293 qui
1115 1220 1207 1274 extra
1228 1208 1469 1292 procederent,
1492 1211 1676 1292 Angustum
1812 1269 1815 1276 .

133 1301 275 1369 subinde
291 1301 404 1365 alteris
419 1301 508 1366 curia
524 1301 668 1368 restituit
684 1301 803 1366 Petrus
821 1303 880 1368 Se-
935 1321 971 1371 et
998 1308 1204 1390 Augustam
1243 1307 1464 1374 advolantem
1491 1311 1676 1375 columbam

134 1405 276 1492 pinum
306 1413 341 1467 et
367 1401 434 1466 suis
458 1402 598 1468 Selectis
622 1407 880 1478 numismatibus
936 1427 1011 1474 cnm
1032 1411 1127 1473 oleae
1151 1430 1244 1473 ramo
1269 1411 1412 1476 indicare
1439 1431 1554 1494 pacem
1582 1411 1674 1478 victis

133 1508 286 1588 antiquis
310 1503 452 1582 addidit,
482 1517 551 1567 tum
572 1517 607 1569 et
623 1504 810 1572 Gronovius
831 1505 880 1568 iu·
935 1511 1102 1580 aSevero
1128 1511 1260 1576 Parthis
1288 1513 1500 1594 restitutam
1534 1533 1676 1580 cortem

137 1608 244 1676 seruit
261 1608 368 1670 Tamo
382 1607 424 1672 X.
441 1605 551 1692 Antiq.
562 1605 681 1674 Graec.
702 1607 784 1691 Ejus
802 1626 881 1691 ope·
935 1631 1030 1678 arcae
1054 1609 1252 1676 insidentem
1275 1635 1337 1704 per
1358 1615 1567 1699 nigredinem
1596 1615 1677 1679 nati·

134 1713 182 1776 ris
198 1729 324 1774 summa
339 1708 444 1792 capita
457 1706 539 1772 haec
556 1721 648 1772 suntt
670 1729 713 1773 ax
729 1709 880 1773 omnibus
934 1735 1008 1781 rum
1030 1712 1188 1778 adludere
1209 1715 1254 1778 -ad
1274 1715 1412 1780 alterum
1433 1719 1597 1800 Apameae
1622 1737 1676 1780 co·

135 1813 243 1880 causis
267 1824 403 1904 patere,
431 1815 620 1893 expressam
644 1811 679 1872 in
702 1811 753 1874 his
773 1809 879 1873 nanis
936 1835 1080 1900 gnomen
1100 1815 1267 1897 Kanum,
1290 1819 1377 1904 qnod
1401 1820 1604 1902 nigredinem
1621 1817 1677 1882 de·

136 1914 330 1980 memoriam
356 1911 572 1976 Deucalionei
599 1911 803 1996 cataclysmit
833 1912 880 1978 ri·
935 1929 1038 1984 notat.
1060 1917 1111 1978 Er
1128 1937 1193 2003 quo
1214 1936 1366 2006 apparet,
1387 1918 1590 1984 Haeduinum
1607 1918 1677 1981 nul·

135 2021 219 2084 dere
244 2017 331 2082 euim
349 2013 658 2084 estDeucalionem
675 2027 709 2080 et
721 2013 882 2098 Pyrrham
935 2018 1005 2082 lam·
1030 2018 1064 2080 in
1090 2018 1144 2081 vliis
1166 2041 1346 2104 agnoscere
1369 2023 1601 2108 qualiscunque
1631 2021 1678 2084 di·

134 2123 224 2186 intra
242 2115 557 2192 amanuensium,
575 2128 643 2179 tum
658 2137 699 2181 ex
711 2137 753 2182 aa
770 2137 883 2200 egres·
936 2119 1017 2186 lunii
1034 2120 1223 2205 imaginem.

136 2243 192 2287 sos
204 2223 292 2286 eluta
308 2220 444 2284 dextera
458 2218 584 2302 lapides
598 2225 780 2282 retrorsum
796 2220 883 2303 jace·
986 2222 1133 2285 -Tertius
1150 2223 1336 2288 Frdlichias
1351 2245 1418 2288 non
1440 2245 1641 2310 magnopere
1660 2247 1678 2288 a
1759 2249 1763 2256 *

130 2345 197 2402 *re3
219 2324 439 2410 quinci-ates
457 2320 565 2383 inhoc
584 2333 657 2382 ectu
671 2321 882 2385 euashebuis·
937 2323 1134 2388 Falconerio
1154 2323 1312 2392 dissentit.
1343 2325 1419 2403 Ait,
1440 2341 1518 2411 typo
1534 2328 1601 2392 laec
1624 2328 1679 2410 ad·

137 2439 321 2514 reportes,
343 2435 378 2487 et
394 2445 413 2487 a
430 2421 633 2487 Deucalione
653 2421 883 2506 edexploran·
937 2425 1083 2490 umbrari
1116 2423 1272 2490 diluvium
1299 2429 1372 2490 Noe
1395 2428 1606 2492 Deucalionis
1633 2427 1678 2490 fa·

138 2523 881 2596 dnmdilnsiistatamexareuemissasteato
936 2526 1012 2591 bola
1030 2527 1233 2605 insolutum,
1267 2550 1341 2593 arca
1364 2550 1471 2593 aream
1493 2531 1586 2600 Nee.
1614 2527 1680 2592 avi-

136 2630 317 2696 Plutarcho
331 2627 538 2712 ⁸)‚aliisque
555 2623 880 2710 AdscriptumNstG
936 2629 997 2693 bus
1026 2649 1161 2694 corvum
1197 2645 1232 2694 et
1258 2632 1444 2696 columbam
1476 2652 1550 2696 cum
1583 2631 1678 2694 oleae

137 2753 174 2799 ut
184 2735 355 2820 explicet,
377 2727 541 2794 advocatis
559 2728 701 2811 copiosis
717 2728 880 2814 exemplis
936 2752 1028 2794 ramo
1053 2726 1218 2818 designari
1228 2755 1243 2813 ⁴3
1280 2733 1365 2797 iutra
1390 2754 1500 2796 ercam
1527 2731 1678 2795 exhiberi

137 2837 350 2923 comprobat,
378 2833 526 2911 Graecos
548 2829 649 2894 multa
677 2850 720 2894 ex
740 2829 879 2895 Iudaicis
900 2885 904 2894 .
936 2835 1098 2897 Noemuus
1123 2855 1200 2898 cum
1220 2855 1343 2912 uxore,
1365 2837 1420 2920 qui
1438 2831 1574 2900 Graecis
1590 2835 1680 2896 Deu-

136 2937 380 3024 antiquitstibus
400 2933 444 3000 ad
466 2954 523 2997 sua
547 2951 639 2997 sacra
665 2932 880 3011 transtulisse,
938 2937 1044 3000 colion
1060 2933 1234 3021 cornera
1250 2950 1324 2999 eunt
1342 2935 1441 3018 dicti3
1463 2950 1555 3002 extra
1570 2957 1679 3000 arcam

136 3063 174 3107 ac
192 3053 372 3128 propterea
390 3055 595 3122 nequaquem
611 3035 745 3113 mirum,
767 3055 881 3100 omnes
938 3038 1073 3103 eosdem
1093 3039 1336 3123 repraesentari
1358 3062 1432 3104 sera
1453 3053 1528 3124 post
1548 3051 1680 3122 tergum

136 3167 250 3210 causas
272 3141 387 3208 diluvii
408 3137 585 3202 Noemitici
605 3137 640 3200 in
656 3137 882 3202 Deucalioneo
936 3142 1115 3224 jactantes,
1147 3153 1182 3203 et
1208 3139 1285 3204 ideo
1315 3141 1538 3224 Augustorum
1567 3140 1680 3204 hahilu

136 3266 271 3333 quoque
288 3243 442 3329 reperiri.
466 3241 677 3332 Quapropter
692 3239 819 3324 arguit,
841 3237 883 3315 ad
937 3241 1087 3320 effictos,
1106 3253 1146 3306 ut
1162 3241 1358 3307 adluderent
1377 3242 1548 3328 ingeniosa
1564 3243 1605 3306 ed
1623 3255 1679 3326 ge·

134 3346 349 3413 Deucalionis
369 3357 406 3408 et
425 3343 572 3428 Pyrrhae
595 3343 824 3425 cataclysmum
845 3341 881 3402 in
936 3344 1028 3408 nens
1064 3341 1196 3406 humani
1235 3364 1299 3428 per
1332 3365 1394 3409 eos
1427 3345 1679 3430 reparationem.

135 3452 187 3514 lris
212 3450 322 3512 uumis
341 3447 511 3524 adlatum,
538 3458 592 3510 aut
613 3458 725 3522 certe,
747 3443 882 3508 confuse
937 3449 1020 3510 Non·
1035 3447 1147 3510 abnuit
1165 3457 1294 3524 tamen,
1321 3445 1409 3511 forte
1430 3447 1556 3511 idcirco
1579 3449 1681 3512 etiam

137 3553 287 3618 inanibus
338 3547 505 3636 figmentis
561 3547 696 3634 antiqua
734 3547 882 3612 veritatis
936 3549 1024 3612 hunc
1041 3541 1136 3612 arcae
1155 3561 1266 3632 typum
1287 3549 1453 3633 delegisse
1466 3538 1680 3635 Apamenees,

135 3656 343 3731 mutatione,
370 3650 489 3716 Noemi
515 3649 672 3714 diluvium
692 3649 735 3714 ed
755 3652 882 3714 Deuca·
937 3664 973 3716 nt
992 3650 1113 3713 illustri
1131 3650 1194 3714 hoe
1212 3665 1334 3714 eventu
1351 3650 1449 3713 simul
1472 3651 1513 3716 ed
1538 3651 1680 3714 alterum

13 3751 22 3760 '
135 3757 267 3822 lioueae
303 3755 432 3819 fabulae
470 3753 616 3838 speciem
651 3751 692 3816 ab
720 3754 881 3836 Apamen-
936 3753 1027 3816 urbis
1047 3772 1124 3815 suae
1144 3773 1265 3816 nomen
1276 3753 1430 3828 Κιβωτος,
1448 3753 1561 3828 Arca,
1579 3765 1613 3814 et
1627 3773 1683 3814 ur·
1792 3795 1796 3802 -

136 3857 226 3922 sibus
247 3877 452 3942 expressum.
489 3855 558 3918 Sub
580 3855 690 3939 operis
711 3853 811 3918 finem
833 3856 880 3916 iu·
936 3855 987 3918 his
1009 3855 1104 3918 eitum
1126 3853 1214 3918 inter
1235 3873 1332 3937 aquas
1355 3851 1549 3916 adluderent
1563 3849 1608 3934 ¹¹).
1635 3868 1637 3872 ·

136 3961 258 4046 quirit,
297 3959 339 4023 ed
373 3977 470 4046 mam
502 3959 679 4042 Apameam
718 3957 754 4018 lsi
789 3955 880 4018 numi
999 3959 1165 4020 Hactenus
1178 3955 1297 4020 eruditi
1315 3977 1358 4020 ex
1374 3953 1472 4019 variis
1485 3953 1536 4016 his
1552 3969 1683 4019 senten·

135 4067 347 4150 pertineaut,
378 4073 412 4124 et
441 4061 483 4124 ed
514 4082 587 4124 eam
616 4078 699 4146 quae
730 4057 881 4141 insyria
936 4061 991 4124 tiis
1013 4059 1155 4142 elegisse
1176 4056 1239 4121 sibi
1262 4058 1322 4124 sisi
1344 4063 1436 4134 eunt,
1468 4077 1551 4142 quae
1576 4058 1679 4122 cuivis

137 4169 198 4234 situ
218 4180 294 4246 est,
323 4165 427 4248 magis
449 4163 593 4228 inclinat.
628 4163 671 4224 Ar
694 4161 790 4225 nobis
816 4160 905 4243 jam,
937 4161 1075 4226 maxime
1109 4159 1297 4236 adrideret‚
1328 4156 1435 4221 donee
1471 4172 1680 4234 anteferres

137 4284 286 4346 certum.¹
309 4288 371 4334 eos
393 4287 507 4330 omnes
527 4266 693 4350 Apameae
714 4263 879 4348 Phrygiae
935 4286 1002 4330 non
1018 4264 1139 4328 multos
1151 4260 1571 4346 eruditusBryantinsnpus
1586 4239 1680 4324 annm
1734 4305 1741 4318 .

137 4371 343 4444 tribuendas.
935 4367 1100 4452 vulgaret,
1118 4363 1390 4450 quodAnalysir
1408 4363 1451 4445 of
1458 4363 1593 4440 ancient
1604 4365 1681 4447 My·

216 4475 315 4538 Alter
340 4470 527 4538 Harduinus
554 4471 590 4533 in
616 4471 722 4534 numia
748 4467 879 4532 urbium
936 4467 1297 4552 tholegieinscripsit,
1326 4464 1362 4526 in
1387 4484 1453 4549 quo
1475 4463 1504 4527 is
1531 4477 1680 4528 veterem

83 4560 86 4568 ¹
137 4578 305 4644 illustratis
333 4595 441 4640 arcam
469 4572 591 4638 adserit
615 4586 693 4637 esse
715 4574 879 4656 Apameae
934 4569 1121 4635 Falconerii
1150 4567 1346 4634 sententiam
1367 4565 1408 4628 de
1431 4563 1620 4646 adumbrato
1642 4565 1676 4626 in

139 4713 1673 4754 -...-----------—---—--·-----

174 4793 206 4863 a)
225 4793 270 4848 Dc
284 4787 389 4849 solert.
407 4785 493 4846 anim.
568 4785 603 4858 b)
624 4781 793 4860 Appendic.
813 4780 851 4838 11.
871 4795 974 4838 novae.
