4196 5458
770 578 1091 684 PHOENICE.'
1344 695 1347 704 ὁ
1629 609 1701 680 532

154 747 188 810 iu
201 743 370 831 'argenteis
383 747 560 834 aeneisque
578 768 675 832 supra
689 749 802 814 literas
814 747 900 818 IEP.
958 761 993 814 st
1006 753 1186 830 imperator
1199 763 1310 816 noster
1322 753 1362 816 ob
1372 760 1537 838 egregium
1553 761 1588 824 ia
1602 781 1702 846 remp.

154 867 254 932 saepe
290 861 462 932 comparet
502 850 542 912 A.
592 850 822 917 Autonomiam
861 873 902 918 ea
956 855 1193 934 imperiumque
1210 851 1429 934 &insignem
1439 853 1546 938 fidem
1562 859 1618 937 jus
1634 863 1706 924 Ita·

152 965 354 1015 notarenou
372 961 497 1032 potest,
522 949 588 1032 jam
612 943 700 1018 enim
722 951 845 1038 legitur
866 952 901 1014 iu
958 952 1061 1015 deum
1086 957 1190 1019 dedit.
1222 952 1321 1017 Stetit
1345 974 1426 1020 vero
1448 978 1511 1020 uua
1530 979 1604 1022 cum
1622 961 1706 1026 Lao·

151 1072 253 1116 numo
283 1049 440 1114 Antiochi
470 1051 564 1128 VlL,
605 1049 665 1116 sub
698 1073 764 1138 quo
793 1056 900 1137 Tyrus
957 1051 1050 1116 dices
1067 1052 1180 1136 Syriae
1204 1073 1267 1158 pro
1283 1054 1412 1120 Severo
1433 1062 1704 1127 contral'esoen·

152 1151 261 1218 libera
282 1151 428 1216 noudum
453 1149 526 1214 iuit.
562 1149 615 1214 Ad
635 1153 751 1217 haec
741 1173 775 1215 m
800 1173 900 1218 numo
954 1152 1064 1230 nium,
1096 1173 1196 1238 qnare
1208 1149 1318 1218 etium
1338 1155 1379 1220 ab
1400 1158 1464 1222 hoc
1492 1161 1613 1225 misere
1643 1163 1706 1253 fuit

152 1255 197 1320 30
219 1253 343 1337 duplex
363 1257 399 1316 A
418 1277 463 1335 τῳ
486 1247 604 1316 tEPx
595 1254 754 1318 imminet.
791 1257 900 1318 lucer·
955 1251 1093 1317 adllictu.
1148 1253 1323 1338 Originem
1365 1258 1516 1324 coloniae
1558 1245 1704 1330 indicant

152 1368 206 1418 tus
236 1372 320 1440 ergo
348 1353 445 1437 hujus
477 1366 512 1418 et
545 1353 699 1420 similium
729 1357 899 1422 literarum
956 1353 1051 1416 elium
1086 1355 1193 1434 numi,
1230 1357 1286 1441 qui
1314 1378 1389 1422 cum
1419 1359 1569 1424 coloniae
1598 1365 1704 1426 nomi

153 1475 282 1522 seusus.
954 1475 997 1519 ne
1035 1454 1095 1518 sub
1129 1456 1255 1521 Serere
1290 1457 1466 1542 incipiunt,
1506 1475 1540 1524 et
1576 1483 1701 1528 nomen

411 1583 434 1624 s
515 1536 536 1574 ⁹
620 1582 642 1620 a
957 1555 1138 1634 Septimiae
1159 1556 1192 1617 iu
1215 1557 1412 1642 epigraphes
1453 1561 1551 1624 cot..
1576 1562 1701 1630 SEP'P.

216 1658 406 1742 Epigroplte
428 1645 608 1722 Phoenicis
628 1657 775 1723 Graecae
800 1678 898 1744 saepe
956 1655 1112 1722 TYRVS.
1139 1657 1194 1721 vel
1222 1660 1353 1725 TYRO.
1377 1661 1576 1729 METROP.
1609 1666 1702 1732 Haeo

156 1757 368 1844 conjungitur
395 1778 517 1822 nomeu
545 1757 636 1822 urbis
661 1759 775 1842 'lingua
797 1761 900 1844 patria
955 1755 990 1818 iu
1021 1756 1172 1820 omnibus
1200 1773 1350 1824 constans
1379 1775 1450 1840 eat,
1483 1763 1622 1850 demptis
1645 1765 1701 1842 iis,

152 1861 323 1934 indicans,
361 1858 405 1924 de
436 1880 501 1944 qno
528 1859 605 1926 vide
637 1859 899 1925 dissertationem
956 1857 1277 1942 qnisuhElagabalo
1301 1863 1418 1946 signati
1444 1877 1536 1938 sunt,
1564 1879 1599 1930 et
1622 1887 1703 1929 uon·

153 1962 354 2028 Phoeniciae
394 1962 501 2022 numia
539 1961 730 2045 subjectam.
784 1963 900 2026 Solita-
954 1957 1054 2020 nullis
1093 1961 1292 2024 tuccettorst
1331 1963 1520 2036 Alexandri
1572 1968 1608 2026 ln
1650 1965 1702 2030 hle

153 2065 225 2128 riae
239 2063 337 2125 etiam
351 2061 467 2126 literae
484 2061 631 2144 ejusdam
646 2055 806 2128 idiomatis
819 2085 899 2128 uon·
956 2060 1149 2124 omittuntur
1185 2063 1272 2125 tituli
1308 2084 1444 2141 omues,
1480 2053 1708 2152 scribiturque

151 2184 320 2250 nunquam
343 2163 433 2227 iutra
448 2161 551 2248 pedes
574 2164 701 2250 aquilae
726 2165 902 2234 obseruau-
955 2159 1044 2224 eliud
1067 2161 1164 2240 nihil,
1193 2177 1423 2250 praeterquam
1452 2167 1699 2235 TYRIORVM.

151 2279 217 2332 m,
954 2261 1090 2324 inducta
1116 2261 1198 2328 haec
1225 2265 1374 2345 novitas,
1403 2286 1512 2352 neque
1538 2269 1598 2333 rel
1625 2282 1700 2334 ante

219 2367 349 2450 Regum
365 2364 447 2430 AR.
464 2379 499 2430 er
517 2367 599 2433 ΛΕ,
617 2367 691 2430 BR.
954 2361 1185 2445 Elagabalum,
1219 2365 1273 2430 rel
1303 2377 1378 2448 post
1406 2387 1481 2430 eum
1510 2367 1699 2446 observata,

218 2469 409 2532 Aaronom
423 2467 505 2532 AR.
520 2469 599 2533 RB.
620 2469 699 2534 ΑΕ.
718 2467 754 2533 C.
954 2462 1028 2548 jure
1066 2464 1224 2548 auspicari
1258 2465 1338 2529 lecit
1367 2466 1595 2548 Vaillautium,
1635 2473 1701 2554 '1¹7-

331 2609 339 2618 .
690 2559 709 2580 ''
954 2585 1034 2627 rum
1057 2565 1146 2656 male
1170 2585 1229 2628 auo
1251 2566 1318 2630 fato
1343 2565 1529 2632 adhaesisse
1551 2571 1701 2636 Macrino

375 2705 682 2790 Impetum„
954 2786 1128 2830 numerum
1155 2788 1218 2852 ope
1243 2769 1406 2852 copiosius
1427 2769 1602 2838 illustrarit
1625 2771 1703 2836 Pel·

217 2873 341 2937 Nomos
355 2870 455 2954 nujus
471 2871 731 2936 classienomine
748 2869 899 2957 Tys-ian·
953 2867 1092 2931 lerinius
1114 2869 1156 2947 ⁰).
1201 2869 1362 2933 Nimirum
1399 2885 1526 2935 constat
1561 2873 1616 2936 vel
1654 2894 1703 2938 eu

149 2993 270 3060 presso
291 2975 440 3058 signatos
456 2972 750 3054 nuncupatem..
790 2974 898 3066 Quem
955 2969 1034 3053 ipsis
1052 2970 1184 3047 numia,
1204 2969 1359 3034 Sidonem
1381 2972 1421 3036 ab
1441 2972 1618 3056 Elagabale
1645 2994 1700 3038 co·

149 3077 285 3140 unicum
300 3073 495 3146 Vaillautius
513 3095 587 3138 cum
606 3077 711 3159 capite
728 3075 899 3162 Elagabali
954 3069 1062 3134 leniae
1088 3085 1123 3134 et
1147 3073 1371 3157 metropoleos
1401 3073 1473 3156 jura
1503 3073 1699 3152 obtinuisse,

151 3179 285 3242 uitauit:
328 3173 433 3240 ΤἘΡ.
466 3173 553 3238 ΙΕΡ.
583 3176 656 3242 Ac.
686 3173 898 3246 NATAPx.
954 3171 1080 3255 quibua
1095 3171 1199 3236 titulis
1227 3187 1303 3238 ante
1326 3172 1537 3256 Elagabalurn
1566 3175 1599 3235 in
1629 3187 1706 3240 mo-·

149 3271 284 3356 BAtl¹.,
307 3297 380 3340 ease
403 3275 549 3359 Tripolis
570 3277 785 3356 Phoeniciae,
807 3277 899 3344 deta·
954 3286 1030 3337 neta
1064 3294 1121 3336 uua
1154 3293 1219 3335 nou
1251 3273 1462 3356 gloriabatur.
1506 3272 1617 3368 Quare
1649 3278 1698 3338 Si·

149 3379 414 3444 uitPelleriuius
436 3380 477 3459 ¹).
509 3379 634 3446 Verum
656 3391 783 3441 exstant
802 3391 899 3444 tetra·
955 3373 1021 3437 dou
1047 3373 1288 3458 copiosissimos
1312 3396 1427 3438 numos
1451 3375 1515 3438 ltoc
1537 3377 1699 3460 imperau-

150 3482 308 3546 dracltma
334 3480 523 3563 complura,
557 3481 591 3544 iu
616 3475 800 3565 quorum1
822 3477 899 3543 ΔΗ-
954 3487 1006 3552 te,
1035 3487 1070 3538 et
1095 3475 1189 3540 initio
1217 3475 1347 3560 imperii
1368 3475 1546 3541 Alexandri
1567 3477 1601 3538 iu
1623 3479 1694 3560 ejus

149 3581 304 3648 ΜΑΡΧ.
329 3577 403 3646 ΕΞ..
424 3593 487 3646 etc.
517 3577 661 3647 ΤΠΑΤ.
689 3597 753 3650 etc.
795 3583 897 3668 'typis
953 3574 1033 3640 lacti
1069 3577 1261 3641 memoriam
1299 3576 1394 3643 ludit.
1437 3579 1565 3642 luteres
1603 3579 1696 3663 Tyrii

150 3683 286 3762 Aquita
311 3685 427 3746 clavae
449 3685 623 3763 insistens,
644 3675 747 3764 jueta
763 3685 899 3768 palmas
953 3698 1019 3740 nou
1040 3698 1162 3760 pancos
1184 3677 1318 3796 quidem
1345 3691 1380 3742 ea
1407 3679 1471 3762 ipsi
1497 3701 1614 3744 numos
1643 3701 1698 3746 cu·

150 3805 285 3862 ramus
306 3785 340 3846 in
362 3785 449 3848 aliia:
483 3785 588 3866 Caput
613 3785 768 3848 Herculis
789 3785 896 3870 Tyrii,
954 3779 1090 3856 (lemni,
1126 3779 1187 3842 ted
1221 3779 1372 3865 quonlam
1409 3781 1558 3846 omnibus
1593 3783 1698 3846 lltttllt

152 3905 237 3968 quse
254 3883 377 3948 eruditi
395 3905 524 3962 omnes,
552 3886 607 3971 qui
626 3887 687 3950 hos
707 3906 823 3950 numos
843 3905 897 3950 re·
953 3879 1110 3944 Sidonem
1135 3880 1296 3942 translatis
1321 3879 1426 3941 orbati
1449 3895 1577 3962 esseut,
1603 3905 1698 3968 prae·

152 4007 335 4062 censuere,
376 3987 439 4052 etsi
470 3987 559 4050 urbis
591 3987 760 4072 inscriptio
796 3986 896 4066 absit,
952 3993 1006 4045 ter
1023 3981 1146 4044 nudum
1167 3980 1402 4049 TYRlORVM
1433 3981 1618 4050 inscribere
1649 3987 1697 4048 ui·

150 4090 242 4170 Tyro
261 4085 468 4152 confidenter
484 4089 592 4171 largiti
609 4101 693 4152 sunt.
724 4089 768 4152 At
784 4108 823 4152 ea
838 4109 896 4172 po·
951 4081 999 4144 ltil
1022 4095 1171 4166 potuere.
1208 4067 1326 4145 Adfert
1348 4081 1480 4167 quidem
1503 4085 1696 4152 Vaillantias

149 4191 215 4254 tius
230 4211 306 4254 asae
323 4189 518 4254 Antiochiae
536 4189 665 4271 Syriae,
687 4189 870 4276 disputari'
860 4210 895 4252 m
951 4196 1019 4248 tres
1041 4204 1122 4248 cnm
1138 4185 1242 4248 titulis
1260 4183 1410 4249 colonias
1433 4197 1468 4248 et
1492 4186 1695 4272 metropolis,

151 4291 248 4374 hujus
264 4305 397 4358 moneta
413 4305 483 4356 toto
499 4291 606 4376 capite
624 4294 663 4355 11.
955 4285 1015 4350 sad
1030 4285 1233 4370 epigraphen
1249 4285 1346 4371 primi
1366 4285 1508 4351 vitiatam
1529 4287 1599 4372 ipse
1618 4309 1695 4374 pre·

411 4441 437 4480 „
515 4393 535 4430 t·
620 4440 644 4478 ι
952 4385 1086 4468 fitetur,
1107 4388 1188 4452 alios
1209 4386 1292 4450 duos
1315 4389 1535 4452 restituendos
1550 4391 1696 4453 Caracal·

220 4495 374 4558 Colonia.
403 4495 456 4560 De
479 4495 608 4562 colonia
630 4497 720 4579 Tyro
741 4492 899 4579 leiauua
953 4489 1025 4566 lae,
1051 4510 1126 4554 oum
1149 4488 1318 4574 utriusque
1338 4491 1433 4574 hujus
1450 4490 1596 4553 Caesaris
1619 4491 1696 4555 iaci·
1729 4501 1734 4508 '

154 4596 254 4660 domo
275 4596 395 4679 Tyrius
417 4593 468 4679 h>s
491 4599 571 4661 huic
587 4599 675 4660 enim
696 4599 742 4660 D.
761 4595 899 4660 Severus
954 4593 988 4657 le
1008 4605 1238 4677 permutentur
1253 4593 1380 4668 vultus,
1403 4611 1468 4653 nou
1488 4589 1599 4675 inique
1621 4611 1698 4656 eon·

190 4827 221 4898 a)
240 4821 359 4884 ttst..11
375 4825 479 4900 pt'td.
553 4819 786 4897 ts)1>tgg..t..t.
804 4819 847 4877 tit.
858 4817 923 4879 XV
939 4814 976 4876 du
994 4815 1114 4876 Ceusib.
1189 4816 1220 4890 a)
1239 4811 1355 4968 Lattges
1371 4820 1501 4890 pert

1348 4923 1367 4968 0
1389 4921 1407 4967 0
1428 4920 1457 4965 2

956 2679 1070 2730 oontra
1103 2665 1329 2750 Elagabalum.
1378 2668 1580 2734 Sententiam
1616 2674 1701 2738 hana
1829 2675 1835 2688 '
