4160 5454
384 608 457 688 uso
708 639 721 656 -
933 597 1383 674 necessumst).

383 776 447 839 nisi
463 791 548 837 suno
566 765 680 848 231²..
704 789 763 832 seu
778 769 819 838 V.
829 769 866 836 C.
883 768 963 847 ooo,
984 789 1051 835 non
1069 769 1128 834 du·
1252 769 1358 853 Caput
1384 767 1500 834 leonis.
1539 765 1563 829 1
1593 769 1716 833 Eadem
1742 771 1929 855 epigrupise.

382 875 511 952 bituris,
530 875 721 957 Evergeten
744 871 911 958 appellare
927 871 1126 937 Antiochum
1187 869 1316 948 Cleua,
1354 873 1461 933 anui:
1498 867 1599 938 EOP.
1634 870 1734 941 zot’.
1777 873 1850 940 ΔΕ.
1872 875 1927 936 ill.

380 977 458 1056 Vl,
475 989 509 1042 et
524 977 704 1059 Dionysum
715 975 913 1042 Antiochum
923 975 994 1044 Vll.
1011 988 1126 1040 oontrs
1183 971 1355 1056 (Frdlioh,
1376 971 1553 1056 Pellorin.)

381 1079 610 1155 Vsillsmium,
626 1077 683 1162 qui
700 1077 850 1142 ordinem
864 1077 1063 1142 eontrarium
1078 1089 1128 1140 te·
1246 1073 1316 1138 Hos
1339 1093 1456 1138 numos
1479 1073 1654 1160 descripsi,
1675 1077 1835 1176 mugis'ut
1859 1097 1930 1142 mo·

268 1231 272 1240 .
380 1183 464 1250 nuit.
495 1183 563 1246 Sed
583 1181 752 1266 plerique,
775 1180 831 1264 qui
843 1181 982 1263 Haymio
998 1199 1127 1244 succes·
1184 1175 1245 1242 dus
1258 1189 1410 1246 monetae
1427 1177 1522 1261 hujus
1537 1177 1625 1263 rogis
1642 1191 1814 1264 appareat,
1832 1200 1930 1266 quum

382 1309 469 1362 sero,
486 1299 634 1352 veterem
649 1283 760 1367 legem
774 1281 973 1366 sequendam
992 1301 1127 1346 censue·
1183 1291 1221 1342 ut
1240 1277 1538 1344 animadversiones
1557 1280 1726 1346 admetier.
1758 1282 1929 1367 Cupidinis

382 1404 477 1470 runt3
494 1407 568 1451 uem
586 1385 673 1450 istud
688 1384 864 1468 Euergetis
881 1405 1020 1468 regnum
1040 1384 1127 1456 circu
1184 1381 1434 1457 crussinoerte,
1450 1393 1561 1445 utnon
1578 1381 1655 1462 loti,
1676 1403 1772 1470 quem
1791 1384 1927 1449 dubium

382 1511 501 1558 annum
526 1489 569 1558 V.
583 1489 621 1555 C.
640 1485 713 1554 603.
741 1487 976 1572 temporsrinm
1003 1499 1125 1549 tentum
1183 1501 1250 1544 non
1272 1495 1323 1546 est
1343 1482 1378 1544 in
1395 1482 1445 1544 his
1466 1483 1623 1548 consitum
1648 1486 1768 1552 areolis
1788 1487 1929 1572 Cleops·

382 1594 511 1670 suimet
524 1589 651 1656 rsdices
663 1609 730 1654 non
741 1590 825 1673 epit,
841 1609 950 1673 neque
967 1587 1029 1651 nisi
1038 1589 1081 1656 V.
1089 1589 1126 1654 C.
1184 1595 1255 1648 true
1277 1583 1391 1646 uxoris
1409 1585 1513 1668 gretie
1541 1606 1583 1650 ex
1603 1591 1755 1672 Aegypto
1778 1588 1927 1668 udreots,

385 1695 459 1761 m·
476 1714 537 1758 m
558 1692 673 1776 εγω
691 1711 772 1756 ,m
791 1689 857 1755 ,1101
876 1690 997 1776 P⁰²¹¹i²t
1014 1689 1126 1754 [mio.
1184 1698 1219 1748 et
1234 1683 1385 1768 quamdiu
1404 1685 1500 1762 risit,
1521 1687 1555 1748 in
1577 1687 1669 1772 Syris
1689 1691 1926 1776 praepotentis.

384 1797 448 1862 olto
461 1775 609 1879 Dionyso
626 1809 694 1861 tun
706 1791 841 1880 pridem
858 1791 1030 1858 exstincto.
1182 1785 1356 1849 Pellerinii
1390 1789 1574 1867 sententis,
1610 1793 1667 1877 qui
1692 1792 1929 1878 spanhemium

634 1960 763 2048 .·
846 2005 867 2046 .
1176 1887 1559 2076 estiterit:
1579 1891 1930 2081 :titteris

445 2105 556 2184 Caput
580 2101 671 2182 regis
692 2099 928 2162 diadematum.
957 2089 1126 2160 ΞΒΑΣΙ-
1182 2093 1285 2170 cioss,
1303 2115 1400 2180 quem
1419 2095 1618 2164 verisimilis.
1639 2098 1692 2163 De
1710 2099 1857 2186 epochae
1872 2117 1932 2164 sn·

379 2195 535 2269 ΛΕΩΣ.
559 2197 815 2265 ANTIOXOT.
833 2191 1123 2268 ETEPPETOT.
1176 2194 1232 2258 nis
1249 2197 1415 2262 continuo.

382 2306 499 2370 Pallas
513 2317 609 2368 stans
625 2305 656 2366 d.
675 2303 915 2378 Victoriolum,
936 2321 963 2365 s.
981 2301 1124 2377 hastam,
1438 2325 1459 2367 s
1540 2280 1563 2322 ⁴⁵
1643 2328 1666 2368 s

380 2421 413 2472 et
435 2407 603 2491 clypeum,
635 2407 671 2466 ia
692 2405 863 2466 nonnullis
883 2403 1045 2483 adscripti
1069 2421 1127 2462 ars-
1245 2399 1372 2482 Tyrm,
1394 2399 1516 2479 Sidou,
1538 2401 1690 2466 Seleucia
1713 2401 1844 2468 Pieriae
1867 2425 1930 2466 nu·

381 2513 419 2572 rsi
448 2504 540 2584 501¹.
573 2499 681 2570 ΑΠΡ.
709 2497 816 2569 ΒΠΡ.
859 2503 978 2568 ΔΜ.
1007 2499 1123 2583 (estet.
1176 2501 1362 2586 -moshujus
1386 2503 1475 2586 regis
1491 2503 1597 2586 cupite
1614 2515 1648 2566 et
1664 2505 1811 2590 epochse
1831 2507 1927 2570 annis

379 2607 548 2690 d'Ennery
577 2628 610 2692 p.
638 2607 691 2674 ui.
739 2605 824 2669 teus.
848 2605 942 2668 Cses.
975 2601 1124 2684 Frdlich,
1175 2604 1323 2688 insignes
1349 2603 1532 2684 cuderunt,
1554 2625 1637 2692 quos
1661 2607 1695 2668 in
1719 2625 1832 2670 esrum
1852 2627 1926 2671 mo·

380 2709 556 2788 Pellerin.)
1179 2719 1255 2771 nete
1271 2705 1417 2773 recitari.

434 2802 714 2873 ΕΤΕΡΓΕΤΟΤ
729 2805 859 2871 titulum
876 2807 1125 2892 sumpserithn·
1243 2807 1296 2870 Ex
1317 2807 1409 2870 ensis
1430 2807 1575 2892 epoohse
1595 2807 1722 2894 primus
1745 2821 1796 2874 est
1814 2805 1926 2892 BER,

380 2911 529 2988 tiochus,
550 2923 586 2974 ut
603 2908 770 2976 sdverseri
790 2929 827 2974 se
850 2907 1041 2974 ostenderet
1057 2929 1126 2973 mo·
1180 2905 1359 2994 sedquem
1383 2931 1480 2994 snprs
1508 2909 1580 2974 dixi
1599 2931 1661 2995 per
1683 2912 1928 2996 temporarium

382 3013 476 3077 ribus
499 3011 708 3097 Tryphonis,
739 3011 830 3096 Syris
850 3025 988 3096 propter
1009 3009 1125 3076 crude·
1181 3023 1304 3074 tentum
1329 3011 1399 3095 ejus
1415 3033 1555 3097 regnum
1573 3012 1743 3096 signatum.
1771 3015 1839 3078 Sed
1860 3015 1931 3080 hoc

382 3117 508 3180 litatem
541 3114 644 3182 exosi.
687 3115 772 3176 Eum
800 3125 987 3178 constanter
1007 3113 1125 3198 jactent
1182 3113 1288 3176 serius
1316 3115 1462 3178 stabilito
1495 3117 1645 3176 sunuel.
1676 3115 1711 3177 in
1737 3115 1843 3180 usmis
1874 3131 1930 3182 est

381 3216 493 3294 numi,
523 3215 584 3281 sed
610 3216 681 3280 sliis
716 3215 900 3280 nominibus
929 3237 1005 3280 eum
1038 3235 1126 3280 com·
1182 3213 1281 3281 AOP.
1297 3209 1926 3295 rostrantrnrmnitenttsssl‘.

381 3319 508 3404 pellent
543 3319 731 3403 scriptores.
782 3317 941 3403 Iosephus
969 3319 1064 3380 Pium
1090 3331 1125 3380 et
1181 3315 1462 3383 animaduersione
1480 3317 1582 3403 digni.
1612 3319 1727 3380 hunus
1744 3313 1852 3386 rssP.
1870 3341 1929 3386 ex·

384 3421 530 3484 Soterem
562 3419 665 3498 dixit,
694 3419 811 3506 vulgus
839 3423 974 3487 Sideters
1004 3417 1124 3483 eSide
1182 3429 1245 3482 stet
1268 3419 1302 3480 in
1324 3421 1565 3486 tetrsdrsohmo
1586 3419 1688 3501 Tyrio
1713 3421 1819 3485 musei
1843 3423 1930 3488 Cae·
2071 3485 2072 3504 ,

377 3522 610 3608 Pamphyliae,
641 3519 729 3586 unde
754 3523 787 3584 in
808 3521 934 3607 Syrium
954 3521 1125 3607 proiectus
1181 3521 1289 3600 sirei,
1311 3517 1415 3588 ΔΠΡ.
1433 3523 1468 3586 in
1490 3539 1595 3587 seneo
1608 3519 1791 3586 l’ellerinii.
1834 3525 1930 3591 Eun·

380 3637 444 3688 est.
528 3635 531 3644 ’
1178 3619 1259 3686 dem
1294 3647 1412 3689 sunum
1441 3624 1525 3691 vidis
1553 3624 1650 3689 etism
1671 3624 1862 3692 Frdliohins
1889 3629 1929 3692 in

393 3745 395 3750 ·
742 3763 763 3802 „
1179 3725 1372 3791 didrachmo
1402 3727 1504 3811 Tyrio
1530 3728 1637 3792 musei
1659 3728 1835 3803 Csessrei,
1863 3731 1929 3793 sed

639 3807 659 3847 ο
846 3810 867 3850 ⁶
1179 3829 1290 3893 verius
1319 3829 1353 3890 in
1378 3849 1420 3894 eo
1449 3828 1580 3894 ridetur
1611 3827 1789 3914 legendnm
1815 3827 1928 3896 ΒΠΡ.

446 3931 601 3992 Protame
614 3930 798 4011 Cupidinis.
816 3927 841 3991 1
855 3921 1123 3997 ΒΑΣΙΛΕΩΣ.
1181 3931 1294 3994 Annus
1324 3927 1431 4000 EHP.
1459 3943 1562 3994 exstet
1590 3931 1625 3993 in
1646 3931 1758 3995 aeneis
1782 3931 1927 4012 duobus,

382 4023 1123 4098 ANT10xoT.ETEPrttT0'r.rt0stott.
1181 4051 1263 4116 quos
1288 4031 1393 4094 scrisis
1421 4045 1496 4116 post
1519 4033 1659 4119 scriptos
1685 4053 1765 4098 suos
1787 4035 1927 4100 sunsles

381 4129 481 4193 Aarsi
498 4127 599 4196 ΔΟΡ.
617 4144 652 4194 et
663 4137 817 4213 proxime
834 4147 1024 4214 sequentes,
1046 4155 1124 4216 quo-
1179 4133 1325 4216 vulgavit
1346 4134 1533 4199 Prilichius
1556 4138 1596 4217 ¹).
1639 4137 1793 4222 Denique
1817 4158 1927 4202 sunus

381 4251 455 4294 rum
467 4237 631 4312 postremi
645 4229 752 4296 EHP.
772 4233 870 4311 5111‘.
893 4237 963 4302 AB.
976 4237 1031 4300 ill.
1181 4229 1278 4310 51112.
1300 4234 1335 4296 in
1356 4255 1478 4315 senso,
1500 4257 1599 4322 quem
1619 4237 1706 4302 houd
1725 4239 1770 4302 itu
1790 4239 1928 4323 pridem

451 4333 528 4397 Hos
545 4336 642 4418 farte
669 4337 754 4398 moli
785 4339 912 4401 Punici.
946 4329 1121 4400 entit-
1175 4355 1292 4401 museo
1321 4336 1483 4402 Csessreo
1513 4339 1633 4417 intuli,
1662 4355 1775 4423 postes
1807 4345 1928 4427 vulge-

380 4426 532 4495 ΛΕΩΣ.
554 4431 811 4502 ΑΝΤΙΟΧΟΤ.
833 4431 1120 4502 ΕΤΕΡΓΕΤΟΤ.
1174 4433 1266 4520 sib).
1312 4440 1365 4501 Ex
1390 4440 1440 4504 his
1467 4441 1574 4504 rumis
1599 4441 1765 4506 refellitur
1788 4458 1929 4509 senteu-

386 4539 542 4610 Arreara,
572 4538 656 4598 anui
687 4531 791 4602 Bssl'.
823 4533 930 4601 ΔΠΡ.
975 4538 1044 4604 ΔΕ.
1065 4539 1121 4604 111.
1176 4537 1378 4617 tineosum,
1400 4541 1844 4628 quiAntiochumVRjum
1868 4567 1929 4610 su·

381 4633 479 4712 (llus.
494 4635 586 4702 Cses.
602 4633 777 4720 Pelleriu.)
1175 4661 1219 4704 no
1237 4641 1485 4708 Seleucides-um
1504 4641 1611 4708 ultr.
1638 4665 1769 4712 cresum
1791 4647 1927 4728 dixere,

382 4777 1931 4814 Ἥ

416 4841 447 4910 s)
468 4842 516 4898 hd
532 4845 618 4902 Num.
635 4865 696 4924 rep.
713 4857 772 4909 set.
789 4867 900 4908 necess.
919 4867 995 4910 nove
1010 4867 1042 4928 p.
1051 4855 1097 4926 69.
1169 4851 1205 4927 h)
1225 4853 1345 4931 Sylloge
1358 4851 1383 4913 l·
1401 4871 1433 4930 p.
1448 4863 1493 4921 tt·
