4168 5454
596 555 918 658 snmvcts,
952 557 1165 632 ιιιιιιιι
1579 571 1654 650 ooo

121 724 303 815 aliasquogiu
318 721 502 790 Litiusrom
517 745 691 791 nnmerum
709 743 857 814 cogetur.
969 729 1059 793 Nihil
1079 727 1113 790 in
1128 727 1179 792 luis
1195 731 1279 815 typis
1296 749 1435 808 novum,
1457 748 1497 798 ot·
1509 727 1601 820 quod'
1615 734 1655 797 iu·

121 835 302 906 admittere,
344 847 425 910 quae
461 849 693 914 nonnunquam
731 854 859 918 numos,
906 821 1179 918 praecedentibus
1204 833 1400 918 explicatum
1423 855 1497 898 nou·
1513 838 1564 902 ait.
1597 835 1658 899 De·

121 939 258 1020 utrinque
294 931 411 993 Latine
449 929 625 1015 inscriptos
663 933 848 1017 signavere.
905 935 1062 1019 Apolline
1092 954 1167 997 oum
1197 933 1261 1004 hoo
1293 950 1371 1022 typo
1399 951 1527 1022 agetur·
1543 938 1658 1020 eapite·

121 1039 179 1104 Cur
194 1033 277 1100 istud
293 1031 458 1096 interdurn
477 1033 613 1097 urbibus
629 1034 765 1098 Graecis
781 1037 850 1119 pla·
905 1037 1069 1121 proximo.

121 1139 235 1217 merit,
266 1133 403 1199 difficile
429 1149 481 1199 est
508 1135 670 1202 rationem
698 1137 850 1222 probabi·
968 1139 1259 1222 Epoohaeaunum
1270 1135 1368 1205 Aoc.
1388 1139 1422 1200 in
1438 1139 1537 1203 simili
1551 1160 1651 1206 numo

120 1243 178 1306 lam
199 1237 340 1304 sdierre.
369 1242 406 1300 ln
422 1237 598 1302 Antiochia
614 1252 726 1302 nostra
743 1239 862 1318 minus,
905 1241 1086 1306 Alexandri
1108 1240 1226 1306 Severi
1252 1241 1332 1305 vidit
1349 1241 1560 1322 Vaillautius,
1591 1243 1661 1306 sed¹

121 1343 194 1408 istud
214 1341 351 1419 mirum,
375 1362 471 1428 quum
492 1339 557 1424 jam
577 1340 656 1404 inde
679 1341 719 1404 ub
738 1343 851 1426 Augu·
907 1362 1002 1430 quam
1022 1343 1198 1408 lectionem
1225 1343 1343 1425 jamin
1365 1342 1498 1406 dubium
1522 1345 1651 1412 vocarit

121 1459 164 1510 sto
174 1443 352 1527 bilinguem
365 1465 407 1508 ex
421 1444 578 1508 haetenus
591 1442 687 1506 dietis
698 1443 848 1508 vidimus.
905 1445 1106 1509 Pollerinius
1129 1448 1169 1527 ο).
1214 1445 1298 1508 Sane
1327 1445 1360 1506 iu
1388 1445 1548 1509 similibus
1577 1448 1650 1510 aliis

120 1551 157 1610 At
177 1547 236 1630 jam
260 1560 373 1612 certos
391 1545 587 1612 Antioohiae
615 1544 764 1610 oolouiaa
792 1567 851 1608 uu·
907 1547 1055 1634 ejusdem
1063 1545 1243 1610 Alexandri
1256 1547 1651 1630 legitanHC'.relSNC.

120 1668 180 1714 mos
194 1648 380 1715 lustremus.
637 1694 640 1703 ,
906 1663 943 1714 ut
964 1649 1079 1715 videro
1102 1661 1152 1710 est
1176 1647 1260 1732 apud
1277 1649 1492 1712 Pelleriuium
1507 1647 1558 1734 c¹),
1578 1649 1652 1711 Ari·

174 1753 402 1816 Autonomum
425 1750 521 1835 hujus
548 1751 699 1817 coloniae
725 1747 850 1814 editum
908 1753 1061 1836 gonium,
1093 1749 1280 1833 Theopoli,
1310 1764 1356 1813 et·
1372 1753 1407 1813 iu
1427 1754 1545 1814 Museo
1570 1751 1655 1813 Cie-

121 1850 204 1918 rideo
214 1852 297 1938 apud
307 1855 507 1932 Hunterum,
522 1855 581 1920 aed
594 1855 622 1918 is
633 1867 772 1939 propter
783 1854 851 1938 epi·
907 1875 1023 1931 aureo,
1054 1873 1197 1936 quarum
1217 1872 1331 1916 sensus
1359 1851 1543 1920 litterarum
1570 1850 1662 1914 milti

121 1955 251 2040 grapheu
274 1956 428 2020 Latinum
459 1957 549 2040 (nam
585 1969 695 2020 nostra
719 1955 850 2020 Grseoo
906 1955 1050 2041 ignotus.

120 2077 237 2140 semper
262 2057 376 2122 locuta
402 2061 467 2142 est)
492 2071 526 2122 et
548 2071 659 2142 typum
685 2057 740 2121 dei
758 2060 853 2120 Man·
970 2057 1052 2119 Sunt
1068 2055 1164 2138 hujus
1181 2055 1293 2120 elassis
1310 2056 1400 2118 numi
1413 2055 1511 2121 'aenei
1525 2074 1650 2136 omues,

120 2159 156 2222 sis
180 2159 244 2222 sine
270 2157 377 2224 dubio
405 2173 455 2224 est
477 2159 626 2224 coloniae
654 2157 850 2222 Antioohiae
908 2171 942 2225 et
956 2159 980 2221 1.
999 2157 1135 2222 formae.

118 2259 251 2327 Pisidiae.
273 2259 371 2356 Quos
386 2262 542 2326 hacteuus
557 2262 720 2339 norimus,
736 2280 851 2325 omnes
867 2329 870 2334 ,

119 2363 239 2447 Augusti
263 2363 470 2447 cujuspiam,
499 2365 553 2429 vel
580 2365 765 2448 Augustae,
793 2362 850 2432 tel
1055 2398 1149 2462 ·C
1171 2397 1202 2460 A
1222 2397 1250 2460 P
1270 2397 1352 2468 VT
1394 2396 1436 2466 v

119 2463 249 2530 Ctmris
265 2479 368 2550 eaput
387 2464 541 2531 offerunt.

171 2568 386 2651 ΕΡῘΕΜΡῙΙΗ
423 2563 736 2632 ΑΝΤῙΟΧΕΩΝν
757 2561 849 2629 ΜΗ·
927 2587 983 2652 De
1003 2585 1337 2650 numisAntioeleiae
1352 2586 1525 2673 infitiaris
1541 2586 1626 2650 oevi.

120 2663 203 2732 ΤΡΟ.
229 2667 408 2735 ΚΟΛΟΝ.
436 2683 490 2734 unt
517 2669 677 2733 similiter.
715 2667 850 2732 Addun-

118 2785 164 2832 ιιι
177 2770 286 2836 sedulo
314 2773 468 2838 notaeS.
487 2773 523 2837 C.
540 2769 579 2834 Δ.
598 2771 638 2838 Ε.
658 2770 700 2837 de
731 2770 848 2859 quibus
968 2769 1120 2842 Vidimus
1146 2784 1296 2856 tempus,
1323 2768 1358 2831 in
1385 2768 1473 2854 quod
1501 2769 1648 2856 singulae

120 2873 165 2958 egi
184 2893 246 2960 cap.
262 2875 311 2941 11.
904 2889 1057 2939 monetae
1075 2873 1299 2937 Antiochense
1325 2872 1465 2948 classes,
1493 2893 1571 2958 quas
1594 2875 1649 2937 lsa-

174 2977 270 3062 Typi:
297 2977 429 3040 Mulier
450 2978 561 3060 eapite
587 2977 698 3042 uelato
721 2989 756 3041 et
778 2989 858 3044 tur·‚
905 2989 1019 3040 uteuus
1040 2975 1295 3058 descripsimus,
1324 2975 1486 3042 desinere.
1522 2977 1672 3070 Harum⁸
1798 2969 1802 2976 ’

116 3083 171 3140 rito
199 3083 271 3164 rupi
306 3081 456 3143 insidens
488 3082 520 3144 d.
548 3082 680 3163 spicer,
709 3099 848 3162 superne
902 3077 993 3141 nulla
1025 3079 1112 3141 ultra
1138 3077 1323 3141 Gallienum
1349 3077 1552 3160 porrigitur,
1582 3097 1648 3161 quo

117 3179 190 3242 ories
207 3181 335 3244 saliens
356 3193 391 3242 et
410 3183 607 3266 respiciens,
637 3183 764 3268 inferne
775 3181 848 3266 flu·
903 3180 1086 3264 imperante
1104 3179 1196 3244 velut
1219 3179 1384 3244 oommuui
1412 3179 1548 3263 scopulo
1574 3179 1648 3242 iare

116 3281 178 3344 vius
189 3303 370 3366 emergens.
903 3281 1008 3346 omnis
1024 3302 1079 3344 res
1098 3281 1270 3345 monetalis
1289 3280 1420 3344 urbium
1437 3281 1649 3364 populorum·
1672 3317 1674 3322 ·

176 3384 279 3466 Caput
309 3387 470 3450 muliebre
495 3385 642 3450 velatum
673 3377 845 3460 turritum,
902 3403 966 3469 que
987 3379 1190 3465 naufragium
1212 3383 1304 3451 lecit.
1345 3384 1420 3446 Non
1447 3383 1550 3446 multo
1573 3394 1647 3465 post
1732 3427 1736 3436 .

114 3505 233 3566 superno
248 3489 344 3550 eries
359 3489 495 3552 saliens.
902 3483 1043 3548 officinis
1071 3485 1287 3550 monetalibus
1318 3503 1380 3568 per
1402 3483 1533 3566 imperii
1563 3481 1646 3548 lines

168 3587 294 3652 Mulier
313 3591 445 3666 sedens,
467 3601 507 3650 ut
523 3607 644 3671 supro,
664 3595 846 3650 coronatur
901 3587 1085 3650 constitutis
1110 3589 1277 3674 auctisque
1299 3605 1388 3648 snum
1411 3583 1527 3659 etiam,
1550 3583 1648 3646 stabi·

115 3685 242 3770 ufiguro
259 3691 410 3755 militurn·
429 3693 661 3754 restruerem
679 3689 843 3763 adstante,
900 3688 1056 3774 lemque,
1088 3689 1180 3773 cujus
1216 3700 1250 3751 et
1288 3683 1405 3750 Muluio
1435 3683 1583 3747 meminit
1603 3688 1645 3768 e),

114 3791 152 3850 od
167 3793 336 3856 dexteram
354 3805 425 3856 stut
436 3795 594 3877 fortuna.
859 3805 993 3858 ·uaota
1016 3804 1068 3855 est
1087 3790 1279 3868 Antiochia,
1309 3807 1404 3873 quam
1423 3785 1567 3850 indicant
1593 3784 1645 3848 lit·

165 3891 292 3958 Mulier
312 3896 445 3972 sedens,
467 3907 506 3958 ut
525 3915 648 3978 supro,
669 3893 730 3956 sed
751 3893 843 3954 intra
899 3905 992 3958 torae
1021 3894 1158 3961 ANT.
1148 3917 1183 3957 sn
1206 3891 1274 3955 imo
1302 3889 1448 3973 positae,
1478 3899 1514 3949 ut
1542 3885 1643 3950 ΑΒΕ.

112 3997 253 4080 tenplum
275 3997 507 4080 tetrastylum,
533 3999 571 4060 in
588 3997 683 4078 eujus
691 3995 841 4078 fastigio
899 3995 1149 4075 Alexandriam,
1160 3995 1248 4062 818.
1271 3991 1408 4056 Sisuiam
1430 4003 1493 4055 eto.
1525 3987 1642 4074 quibus

113 4101 190 4162 ories
203 4099 331 4162 saliens
346 4111 381 4160 et
399 4102 587 4181 respiciens.
898 4097 1006 4175 uotis,
1028 4103 1206 4184 praecipua
1231 4094 1308 4160 inde
1327 4117 1346 4158 a
1365 4091 1574 4157 Diocletiano
1594 4091 1644 4154 ni·

166 4201 304 4282 Apollo
310 4201 429 4264 nabitu
449 4203 606 4266 muliebri
631 4211 727 4264 stone
747 4220 774 4262 s.
792 4200 842 4283 ly·
898 4198 947 4261 lsil
977 4201 1079 4285 magis
1117 4203 1259 4267 obvium.
1311 4197 1549 4278 Nonnunqusm
1577 4193 1645 4255 Au'·

113 4320 191 4377 rom,
212 4305 248 4364 in
266 4305 378 4366 rumis
395 4305 546 4386 Philippi
564 4315 598 4366 et
613 4303 714 4368 Deeii
727 4303 768 4386 ⁸).
801 4303 842 4368 In
893 4295 1052 4368 ¹tiooltinnt
1071 4306 1176 4370 solum
1202 4305 1235 4365 A
1256 4298 1390 4374 delinit,
1418 4295 1460 4358 de
1481 4315 1543 4380 qua
1564 4295 1640 4377 leg'e

113 4401 172 4462 olio
189 4415 363 4486 praetereo
384 4417 566 4488 serpentem
584 4409 696 4490 pascit
717 4407 759 4470 ab
781 4427 843 4470 arn
899 4405 994 4469 latius
1016 4428 1151 4494 agemus
1172 4405 1260 4472 ulibi.
1294 4404 1339 4466 At
1360 4397 1447 4462 enim
1469 4397 1551 4460 haue
1573 4415 1642 4458 mo·

112 4501 330 4588 adsurgentem
344 4503 388 4590 ¹³).
898 4523 1007 4575 oetam
1036 4510 1166 4575 nonnisi
1194 4507 1306 4588 ἀιυρως
1334 4501 1438 4588 possis
1463 4496 1641 4562 Antioche·

114 4645 1646 4681 ———---—---·---------‚---—-··-·--·-·

142 4731 170 4800 ι)
184 4729 271 4790 vaitt.
317 4735 354 4806 b)
369 4735 465 4812 Begor
476 4737 566 4796 l‘hes.
577 4738 623 4798 Br.
642 4741 676 4799 Τ.
688 4740 726 4802 ll.
743 4761 774 4816 p·
785 4753 848 4815 729.
896 4746 925 4813 o)
942 4737 1010 4798 Mel.
1021 4739 1044 4800 1.
1060 4759 1090 4816 p·
1101 4743 1164 4804 504.
1180 4749 1208 4794 et
1218 4731 1286 4795 net.
1298 4731 1334 4791 11.
1353 4737 1455 4807 pili·
1477 4723 1535 4801 ’,(1)
1552 4720 1584 4782 ll·
1597 4739 1641 4781 0⁰·

112 4817 139 4887 t)
156 4817 317 4899 Chronogr.
335 4827 392 4885 sub
409 4827 537 4888 Dioclet.
