4160 5454
418 547 490 628 soa
704 561 714 570 ·
862 518 1520 602 nnunscarrunocran.
1642 483 1648 492 ’

420 699 579 777 colicitat,
631 707 666 762 et
707 693 870 760 incautum
912 693 947 756 in
991 703 1171 776 conspecto
1225 691 1378 776 componi
1408 711 1474 756 non
1501 703 1653 776 possunt,
1684 689 1772 757 iorta
1801 691 1880 758 elim
1907 711 1962 782 po·
2074 711 2075 716 ¹

378 813 380 820 ⁴
419 803 560 868 duorum
604 797 807 864 exercituum
848 795 1020 862 obtruncat
1060 795 1101 866 V.
1132 793 1168 858 Ca
1225 805 1352 872 terunt,
1393 791 1522 880 quando
1556 795 1673 856 horum
1703 813 1876 860 rumorum
1912 813 1965 861 ao·

420 906 477 970 hor
498 905 540 988 ι),
1225 894 1330 960 cticre
1359 915 1498 960 numero
1526 917 1568 960 er
1594 915 1710 980 regum
1738 897 1829 960 vultu
1858 909 1893 964 et
1918 898 1966 962 in·

1224 997 1353 1080 scriptis
1374 1000 1465 1062 annis
1481 994 1613 1062 ¹facilior
1634 999 1697 1062 erit
1717 998 1882 1082 judicandi
1910 1020 1967 1084 pc·

571 1143 662 1206 Am
671 1141 737 1203 AR
746 1137 924 1202 ATHES
952 1135 1009 1200 Π.
1219 1109 1330 1164 testas.
1358 1099 1412 1162 En
1429 1102 1488 1166 tibi
1506 1101 1655 1186 coguitor
1676 1103 1832 1168 hacteuus
1853 1100 1888 1164 id
1911 1121 1966 1186 ga·
2075 1119 2076 1196 p

1219 1219 1280 1264 uua
1300 1221 1437 1268 numera
2075 1213 2076 1238 ¹

481 1309 663 1376 Ariarathis
684 1309 771 1376 v111.
784 1306 915 1382 'fratem
940 1301 1004 1368 hoc
1025 1319 1162 1367 caesos
1580 1373 1601 1415 ἱ

419 1411 629 1499 popularibus
667 1408 708 1472 ad
743 1426 882 1491 reguum
916 1417 1067 1480 vocatus,
1103 1401 1162 1465 aad
1476 1417 1498 1458 e
1683 1419 1704 1460 a

417 1535 496 1580 mox
517 1536 537 1578 a
555 1509 743 1576 Mithridate
765 1509 886 1584 rictus,
915 1519 950 1572 et
976 1523 1081 1590 reguo
1108 1504 1165 1568 de
1286 1507 1394 1590 Caput
1412 1511 1501 1590 regis
1523 1511 1758 1576 diadematum.
1788 1465 1965 1574 ἶΒΑΣῙ·

417 1619 522 1702 jectua
543 1613 653 1697 paullo
675 1625 749 1696 post
771 1629 811 1674 ex
833 1605 1037 1692 aegritudine
1067 1605 1164 1671 dece·
1218 1603 1376 1676 ΛΕΩΣ
1396 1608 1670 1676 ΑΡΙΑΡΑΘΟΤ.
1698 1605 1984 1679 meum..

417 1717 466 1782 dit
484 1717 526 1786 V.
543 1717 579 1779 C.
598 1711 659 1778 bba
675 1712 719 1798 b).
1219 1709 1337 1772 Pallas
1358 1722 1454 1774 stans
1474 1713 1506 1778 d.
1526 1713 1764 1794 Victoriolam,
1785 1737 1813 1780 s.
1830 1713 1968 1778 bartam

1069 1823 1070 1828 ’
1218 1829 1292 1872 cum
1309 1811 1440 1896 clypea,
1457 1817 1550 1898 infra
1566 1817 1647 1879 anni
1662 1811 1701 1881 Δ.
1713 1815 1753 1884 E.
1770 1807 1904 1881 ΙΑ.1Γ.
1922 1811 1968 1876 Λ.

436 1957 542 2024 Numi
553 1949 821 2020 ARIARATHIS
836 1895 1142 2031 namdneiusaripti.
1218 1907 1395 2076 BAbPA*
1418 1914 1490 2034 AR}
1509 1916 1565 2034 ¹1¹2

1313 2026 1394 2094 aput
1417 2037 1505 2099 regis
1529 2019 1765 2081 diadematum.
1792 2011 1970 2078 ΞΒΑΣῙ-

434 2207 436 2212 ,
479 2123 526 2192 Vt
547 2124 581 2185 in
603 2121 770 2205 plerisque
790 2137 910 2202 regum
931 2113 1037 2178 numia
1061 2116 1163 2177 mole·
1217 2109 1968 2183 ΛΕΩΣ.ΑΡΙΑΡΑΘΟΤ.ΕΠΙΦΑΝΟΤΣ.

417 2241 502 2294 atum
525 2239 576 2288 eat
597 2223 791 2297 discrimen,
819 2219 865 2282 sic
887 2218 921 2278 iu
942 2237 1058 2300 regum
1081 2217 1162 2300 Cap·
1218 2217 1335 2278 Pallas
1359 2217 1500 2295 similis,
1521 2219 1612 2302 insra
1627 2223 1709 2284 anni
1723 2219 1765 2285 E.
1778 2219 1804 2282 I.
1826 2221 1899 2288 AR.
1913 2223 1969 2284 111.

415 2328 572 2414 padociae
600 2325 706 2388 nuruis
732 2319 1007 2385 molestissimum
1043 2317 1162 2381 Addita
1218 2318 1319 2398 (Mus.
1340 2317 1450 2399 Caes)

417 2430 629 2516 cognomina,
653 2445 735 2512 quae
757 2423 837 2488 alios
857 2439 956 2503 reges
977 2419 1074 2484 facile
1093 2441 1162 2484 sae·
1284 2420 1392 2508 Caput
1415 2438 1504 2500 reges
1526 2421 1762 2488 diadematum.
1791 2415 1970 2482 ΞΒΑΣΙ-

415 2554 459 2616 pe
482 2531 701 2614 distinguunt,
732 2525 767 2586 iu
795 2523 846 2584 his
873 2523 1028 2584 hactenus
1058 2521 1161 2586 otiosa
1217 2513 1370 2582 ΛΕΩΣ.
1390 2516 1969 2588 APlnPhuor.‹t)nt0Mr1To

416 2646 506 2698 sunt
545 2626 751 2712 Cognomina
767 2643 883 2705 regum
905 2623 1084 2686 Ariarathis
1106 2645 1164 2687 no·
1221 2615 1325 2680 ΡΟΣ.
1363 2621 1481 2683 Pallas
1502 2621 1647 2702 similis,
1673 2625 1764 2708 irfia
1788 2621 1970 2688 αηηυεΘ.

415 2735 505 2796 mine
527 2732 588 2792 tria
611 2751 651 2791 er
673 2727 779 2788 numia
802 2736 991 2806 comperta,
1023 2719 1164 2786 ΕΤΣΕ·
1220 2719 1359 2788 ΛΜΗ.
1384 2721 1531 2806 (Herm.)

415 2827 553 2898 ΒΟΤΣ.
569 2819 870 2892 ΕΠΙΦΑΝΟΤΣ.
888 2817 1164 2885 ΦΙΛΟΜΗΤΟ-
1581 2889 1603 2928 .

416 2927 539 3009 ΡΟΣ..
557 2930 615 2996 aed
630 2950 703 2993 cum
718 2927 835 2990 horum
852 2925 982 2988 nullum
994 2947 1013 2988 a
1027 2927 1164 3008 scripto·
1478 2933 1499 2974 a
1686 2937 1707 2976 a

418 3035 510 3101 ribus
532 3043 752 3106 memoretur,
783 3029 944 3090 incertum
966 3040 1093 3104 manet,
1123 3029 1164 3090 ad
1284 3022 1450 3088 Exstincta
1473 3045 1549 3088 cum
1570 3027 1744 3092 Ariarathe
1766 3030 1823 3098 tx.
1844 3029 1971 3094 familia

420 3131 532 3224 queru'
558 3133 685 3216 singula
724 3131 788 3194 sint
809 3127 1012 3194 reserenda.
1061 3130 1165 3192 Nimis
1221 3125 1331 3208 regia,
1369 3139 1403 3190 et
1433 3129 1623 3193 Mithridate
1653 3153 1673 3194 a
1700 3132 1858 3195 Romanis
1889 3132 1972 3216 Cap·

420 3235 626 3306 confidenter
645 3231 800 3314 Belleyus
818 3229 1013 3293 Ariarathen
1033 3231 1075 3297 V.
1100 3233 1167 3293 Eu·
1222 3225 1357 3310 padocia
1380 3231 1544 3293 excedere
1568 3231 1681 3314 jusso,
1701 3251 1782 3315 gens
1802 3234 1974 3318 Cappado-

352 3409 354 3416 ,
418 3343 536 3414 seben,
579 3334 774 3398 Ariarathen
808 3331 895 3398 utu.
939 3331 1166 3394 Philometore
1222 3347 1296 3390 oum
1324 3329 1384 3390 suh
1414 3331 1548 3415 regibus
1578 3333 1691 3398 rivere
1717 3335 1852 3400 adsueta
1882 3336 1975 3399 obla·

419 3441 522 3505 suirse
553 3437 675 3500 dictum
705 3431 846 3510 edaerit,
871 3430 931 3496 sed
958 3432 1050 3496 nullo
1079 3433 1167 3498 istud
1222 3441 1286 3492 tam
1317 3430 1380 3492 sibi
1407 3435 1594 3499 libertatem
1622 3451 1813 3519 aspernata,
1853 3457 1973 3522 regem

422 3540 612 3608 testimonio
652 3535 778 3621 probat.
837 3531 912 3628 Quo
950 3531 1089 3611 iactum,
1130 3547 1167 3597 ut
1223 3531 1285 3596 sibi
1334 3531 1586 3616 adprobantibus
1637 3539 1793 3602 Romanis
1844 3539 1975 3624 delegit

424 3647 608 3731 quicunque
650 3637 806 3701 hacteuus
844 3655 962 3719 regum
1000 3635 1168 3720 Cappado·
1222 3635 1574 3702 ARIOBARZANEM
1614 3660 1700 3717 anno
1743 3641 1784 3707 V.
1815 3641 1853 3706 C.
1899 3640 1974 3706 hod.

424 3747 494 3810 eise
516 3761 632 3806 numos
653 3739 843 3824 vulgarunt,
865 3736 1030 3801 diversam
1053 3759 1167 3803 omnes
1222 3738 1308 3801 Huic
1337 3759 1527 3804 successere
1556 3741 1901 3806 ARIOBARZANES
1933 3745 1973 3808 11.

425 3867 542 3913 aarum
569 3843 718 3906 ordinem
745 3841 966 3918 instruerent,
992 3853 1029 3904 ut
1056 3840 1169 3906 ridere
1226 3851 1262 3901 et
1282 3841 1355 3916 111„
1382 3856 1416 3904 et
1442 3841 1585 3926 denique
1609 3843 1704 3926 hujus
1727 3845 1831 3908 frater
1852 3847 1977 3908 Ama·

425 3959 521 4030 pates
542 3945 576 4008 io
599 3943 815 4026 Spanhernio,
843 3943 992 4024 Begero,
1014 3943 1175 4028 Haymio,
1225 3941 1404 4006 RATHES
1426 3944 1486 4023 L,
1516 3945 1551 4006 in
1572 3963 1638 4029 quo
1659 3947 1894 4011 Ariobarzanis
1918 3967 1977 4029 ge·

425 4047 588 4128 Belleyo,
630 4043 816 4116 Frdlicbio,
860 4043 1052 4108 Pellerinio.
1095 4045 1172 4106 Ati·
1225 4063 1286 4106 nur
1309 4042 1431 4108 deiecit
1450 4044 1789 4132 inductoinregnum
1806 4048 1978 4112 ARCHE·

429 4147 508 4234 quid
531 4163 639 4209 tamen
667 4145 839 4208 conferunt
857 4143 957 4208 additi
976 4145 1170 4228 plerumque
1225 4143 1328 4208 LAO.
1361 4145 1469 4230 Atque
1490 4147 1577 4212 hune
1599 4149 1732 4215 ultimae
1752 4151 1865 4236 stirpis
1886 4147 1978 4216 ordi·

428 4249 526 4334 regni
554 4247 645 4320 anni,
675 4265 717 4307 ex
738 4243 853 4329 quibus
875 4244 962 4306 istud
983 4243 1169 4326 conficitur,
1227 4265 1304 4308 nem
1332 4263 1445 4312 contra
1474 4251 1619 4312 omnium
1648 4250 1805 4314 hactenus
1828 4251 1980 4318 erudito·

430 4353 459 4418 si
488 4348 649 4414 auctiores
677 4358 768 4422 aunt,
799 4365 864 4408 non
887 4365 983 4428 posco
1005 4347 1170 4427 ejurasse
1227 4368 1301 4410 rum
1337 4351 1531 4415 seutentiam
1566 4351 1723 4418 stabilivit
1749 4353 1909 4438 Belleyda
1942 4356 1979 4416 in

430 4452 538 4536 regis,
577 4448 669 4530 cujus
704 4445 901 4508 contractius
929 4445 992 4510 duit
1019 4467 1169 4531 regnum,
1228 4451 1363 4535 egregia
1380 4473 1437 4515 saa
1453 4451 1684 4519 dissertatione
1706 4456 1764 4538 e),¹
1784 4475 1882 4542 qum
1899 4454 1979 4523 sm

428 4553 642 4618 Eruditorum
663 4547 813 4624 dissidia,
844 4565 925 4630 quae
955 4547 989 4608 iu
1017 4569 1171 4630 praeaeur
1228 4549 1329 4615 auiam
1347 4552 1502 4641 deinceps
1519 4555 1637 4623 citabo.

466 4757 498 4828 a)
516 4755 618 4862 luuh.
634 4751 835 4818 cxxxvlii
852 4769 879 4818 r.
949 4755 986 4830 b)
1005 4757 1107 4817 lustin.
1121 4759 1327 4826 uxxxvttt.
1344 4777 1370 4828 a.
1446 4769 1477 4841 a)
1495 4768 1528 4826 Β.
1537 4767 1570 4825 L.
1585 4765 1620 4827 T.
1628 4766 1738 4830 xxm.
1751 4768 1821 4830 hut.
1834 4789 1866 4848 p.
1877 4778 1942 4844 rao.
