4286 5478
497 527 649 606 uvatt
681 524 1020 613 t’tttttctt’vu
1053 529 1335 613 lvnaeau.
1614 550 1686 628 2181

133 695 282 762 lerinins
308 697 400 780 anmi
421 700 583 783 postremi
607 701 810 786 epigraphen
834 721 890 776 er·
944 695 1128 788 principiam
1147 701 1392 788 indigenarum,
1423 705 1615 788 quaeregio
1634 729 1691 769 no·

132 800 268 881 plicare
293 819 468 882 aggressus
494 801 578 864 mire
604 821 639 864 se
663 803 777 880 torsit,
810 803 888 866 dum
945 805 1033 868 mine
1052 801 1189 866 Iudaeae
1209 803 1367 886 praefuit,
1392 824 1455 888 qua
1475 807 1630 870 exstincta
1652 809 1692 872 ad

131 899 274 964 tandem
299 915 493 985 sequentem
516 903 710 966 sententiam
731 903 890 969 extunde-
944 919 1090 970 nostram
1114 923 1217 987 usque
1242 918 1382 968 aetatem
1404 907 1527 968 exteris
1546 907 1692 990 imperiis

132 1014 212 1064 ret:
240 1001 455 1066 Marlarttas
473 1007 697 1068 sacerdotium
711 1008 816 1086 jueta
834 1008 890 1070 bo·
945 1007 1063 1091 paruit.
1107 1008 1246 1068 Exstant
1281 1006 1351 1089 ejus
1389 1005 1573 1090 principum
1603 1010 1695 1070 numi

131 1122 220 1164 nurse
237 1117 449 1185 praeceptum
468 1107 523 1167 dei
540 1109 787 1190 transportavit.
819 1104 887 1170 sad
942 1107 1029 1192 justo
1047 1127 1205 1184 numero,
1227 1107 1287 1170 sed
1303 1105 1370 1180 rari
1385 1107 1554 1191 plerique,
1575 1121 1608 1171 et
1626 1095 1696 1172 nori

132 1213 252 1264 utrm
281 1200 364 1268 haee
392 1202 638 1288 interpraetatio
665 1227 746 1272 rere
775 1190 818 1273 iis
844 1228 887 1272 ex
944 1209 1051 1273 solum
1071 1207 1113 1270 ob
1133 1207 1216 1272 hanc
1237 1229 1384 1288 oausam,
1408 1207 1468 1272 sed
1488 1210 1585 1272 etiam
1597 1209 1694 1294 qnod
1755 1248 1763 1262 ·

134 1303 249 1388 genio.
271 1303 403 1386 linguae
433 1307 638 1386 Hebraicae,
670 1323 703 1374 et
730 1308 795 1400 boo
824 1310 888 1376 riri
942 1309 1112 1374 historiam
1144 1329 1217 1371 cnm
1249 1330 1392 1386 sacram,
1427 1322 1495 1370 tunt
1523 1309 1694 1392 profanam

133 1407 265 1470 eruditi
281 1405 583 1488 judiciostandum,
602 1409 802 1474 arbitrentur
818 1411 885 1478 alii.
943 1430 1144 1495 magnopere
1162 1411 1343 1486 illustrant,
1370 1409 1464 1474 aride
1484 1430 1616 1494 semper
1640 1433 1695 1474 ex·
1830 1457 1836 1470 .

134 1507 238 1600 Quae
265 1509 307 1568 sit
331 1529 403 1571 mea
428 1509 462 1569 in
489 1510 642 1574 similium
668 1512 886 1596 explicatione
943 1512 1049 1596 petiti.
1092 1514 1217 1575 Eorum
1244 1511 1427 1596 catalogum
1456 1510 1534 1576 olim
1564 1513 1695 1595 scripsit

133 1609 391 1692 inscriptionum
411 1613 589 1691 sententia,
614 1613 690 1678 satis
712 1635 809 1696 supra
832 1635 889 1678 ex·
943 1613 1131 1694 Harduinus
1150 1614 1184 1674 in
1205 1634 1261 1678 aua
1280 1615 1320 1674 de
1339 1616 1448 1676 rumis
1467 1597 1694 1678 Herodianum

134 1709 256 1793 posui,
280 1730 343 1794 quo
359 1712 435 1776 loco
455 1713 496 1778 de
514 1716 621 1778 numia
639 1715 811 1780 Hebraicis
829 1715 888 1778 du·
944 1713 1192 1791 dissertatione,
1224 1734 1307 1798 quae
1334 1713 1437 1778 estin
1460 1714 1530 1796 ejus
1553 1713 1693 1798 Operib.

133 1813 206 1874 biis
226 1832 371 1896 egeram.
404 1815 488 1878 Satis
507 1829 596 1892 esto,
619 1817 887 1901 Bartbelemynm
944 1815 1077 1878 selectis
1099 1837 1132 1899 p.
1148 1814 1228 1890 328,
1260 1836 1358 1898 quem
1388 1813 1527 1878 subinde
1557 1817 1693 1904 copioap
1771 1807 1778 1820 '

135 1915 172 1976 in
193 1915 260 1976 suia
279 1913 320 1979 ad
332 1917 509 1998 Bayeriunt
529 1918 653 1996 literis,
677 1939 755 2005 quas
773 1919 827 1984 hic
846 1917 888 1982 ad
946 1915 1035 1982 auxit
1068 1915 1259 1982 Frs'iiichiua’
1287 1915 1333 1999 ¹³).
1352 1941 1357 1950 ·
1377 1915 1510 1999 Operae
1551 1917 1694 2000 pretium

135 2015 367 2085 vindiciarum
387 2018 667 2087 marum'cateen
689 2025 813 2106 posuit,
841 2034 889 2086 te·
946 2033 1043 2104 puto,
1061 2038 1193 2082 omnem
1214 2016 1360 2086 Herodis
1381 2018 1608 2101 genealogiam
1629 2018 1695 2083 boo

135 2117 245 2196 stari,
285 2119 397 2190 literas
426 2121 641 2184 Pelleriniani
673 2121 769 2208 hujus
797 2121 889 2186 numi
914 2198 916 2204 ¹
945 2121 1022 2186 loco
1040 2121 1082 2184 ob
1103 2121 1217 2186 oeulos
1234 2107 1469 2204 ponere,‘non
1489 2120 1558 2184 leri
1579 2118 1619 2183 ad
1640 2139 1696 2181 ex·

137 2221 283 2286 multum
310 2241 384 2284 ease
413 2221 538 2292 vitiatas
562 2223 602 2304 ¹).
646 2224 772 2288 Tamen
801 2208 914 2288 iatud'
945 2223 1114 2308 plicandos
1144 2223 1233 2307 ipsos
1263 2241 1380 2286 numos
1410 2220 1568 2286 subsidio.
1612 2221 1696 2284 Eam

137 2336 290 2399 certum,
317 2321 350 2384 in
376 2345 476 2388 numo
502 2325 561 2400 11„
586 2345 685 2409 quem
709 2346 752 2390 ex
774 2344 889 2390 museo
946 2338 1021 2409 post
1060 2324 1140 2388 alios
1180 2323 1351 2408 proposuit
1386 2323 1429 2390 cl.
1451 2323 1624 2386 Brotieros
1660 2322 1696 2384 in

138 2427 308 2490 Caesareo
323 2424 470 2503 exhibui,
488 2426 600 2488 literae
615 2435 712 2508 nno
728 2427 891 2494 Martum
947 2427 1013 2491 suis
1033 2425 1076 2490 ad
1097 2426 1246 2490 Tacitum
1267 2425 1353 2488 notia
1375 2427 1425 2505 ⁰),
1460 2425 1522 2488 etsi
1550 2426 1583 2486 in
1614 2443 1696 2486 non·

35 2537 41 2558 ·
139 2547 213 2590 non
235 2545 307 2598 csse
330 2527 515 2610 ambiguas,
546 2547 686 2611 cumque
716 2528 806 2592 idean
835 2548 890 2598 ro·
945 2529 1047 2594 nullis
1071 2547 1235 2605 maneam,
1262 2526 1310 2589 nti
1326 2547 1362 2592 r.
1382 2545 1413 2608 g.
1435 2526 1469 2588 in
1490 2517 1627 2592 Herode
1649 2527 1695 2590 tt.

35 2690 42 2705 ,
140 2627 297 2696 eubulum
314 2630 564 2712 Barthelemyns
586 2627 714 2694 rideret
735 2630 769 2694 in
789 2641 890 2694 numo
947 2631 1056 2696 omisit
1085 2648 1224 2694 uxorem
1256 2629 1393 2711 primam
1421 2628 1527 2690 Dorin
1556 2627 1696 2692 matrem

141 2751 223 2808 sno,
247 2744 281 2794 et
299 2729 334 2792 in
351 2732 422 2796 aliis
440 2730 599 2793 similibus
619 2745 743 2796 certam
764 2733 892 2816 epigra·
947 2731 1122 2814 Antipatri.
1158 2731 1288 2794 Nostris
1312 2729 1424 2794 usibus
1449 2748 1590 2812 sequens
1613 2740 1697 2794 cata·

141 2834 237 2918 phen
255 2815 321 2930 βπ]
336 2843 406 2940 pm
424 2836 579 2897 sacerdos
596 2853 755 2916 magnus,
777 2835 892 2898 inseri·
925 2835 1066 2918 dogna,
1107 2831 1170 2895 etsi
1201 2830 1402 2896 contractior
1432 2828 1584 2896 sufficiet.
1630 2827 1697 2922 Qui

142 2935 293 3021 ptionetn
317 2937 408 2998 numi
431 2933 730 3020 integram-efficit:
755 2939 893 3000 Matta·
947 2937 1023 3021 plns
1040 2932 1225 3012 desiderat,
1245 2932 1343 3003 adeat
1358 2932 1539 2998 Rsinerum
1556 2930 1696 2998 lisinec·

142 3041 239 3104 tlsr'as
257 3039 409 3102 sacerdos
428 3059 584 3122 anagrates,
605 3059 700 3122 quam
718 3051 892 3122 praeterea
948 3036 1047 3104 cium.

142 3141 281 3226 conjicis
302 3139 344 3206 ad
365 3141 471 3225 ipsum
488 3141 688 3224 Antigonum
710 3139 892 3224 pertinere,

144 3246 224 3332 quio
246 3244 303 3331 qni
328 3241 464 3308 Graecis
490 3244 694 3326 Antigonus,
724 3243 813 3306 idem
841 3243 894 3306 In·
943 3273 1159 3342 ,smum
1185 3239 1414 3338 Hmopm'p
1440 3267 1676 3339 mpffig,

144 3347 238 3414 oseis
271 3345 403 3412 ridetur
435 3345 540 3409 dietus
574 3343 789 3426 Matbathias,
826 3364 893 3434 qno
1268 3373 1377 3440 TW·

144 3450 247 3515 modo
257 3449 448 3514 Aristobulo
464 3448 679 3512 domesticum
693 3439 817 3510 nomen
830 3445 894 3512 latr

144 3551 269 3629 iudae,
302 3551 493 3617 Aleiandro
521 3569 642 3614 nomen
671 3548 802 3614 lannaei
828 3561 902 3614 ete.·
1018 3568 1046 3612 s.
1067 3539 1340 3618 ANTIPATER,
1364 3538 1496 3624 dynasta
1513 3539 1696 3614 idumaeus,

145 3655 236 3736 Yide
259 3653 342 3718 baec
365 3653 512 3738 pluribus
539 3651 683 3716 discussa
705 3652 738 3714 in
761 3650 894 3735 Bayerii
951 3651 1104 3733 Hyrcano
1133 3668 1152 3708 a
1182 3643 1349 3718 consiliis,
1385 3654 1419 3705 et
1446 3640 1482 3704 in
1512 3639 1612 3706 rebus
1642 3659 1701 3723 ge·

145 3755 387 3823 Vindiciissub
407 3757 507 3820 linem
525 3753 686 3840 ΜΠ.
948 3749 1061 3818 rendit
1094 3748 1217 3830 primus
1252 3743 1454 3810 administer.
1499 3741 1580 3822 Ejus
1615 3759 1699 3804 uxor

950 3855 985 3936 a)
1015 3847 1186 3916 crettos
1216 3845 1337 3909 nobilis
1367 3865 1408 3908 ex
1437 3842 1558 3908 Arabia
1588 3861 1700 3925 prosa·

378 3997 440 4064 CL
450 3993 601 4059 ΑΒΜ
622 3995 653 4057 11
949 3955 1034 4042 piae.
1077 3949 1163 4026 Vide
1193 3949 1384 4033 meapham,
1417 3967 1459 4009 ex
1487 3945 1579 4028 cnjus
1608 3943 1699 4014 ,testi-

597 4121 599 4126 ,
655 4038 665 4058 ⁰
949 4057 1066 4124 moniis
1089 4053 1187 4119 etiam
1209 4071 1292 4136 quae
1315 4061 1513 4134 sequuntur,
1540 4047 1698 4132 pleraque

47 4152 54 4196 ¹
189 4169 304 4242 aaran
331 4165 491 4234 ancras
519 4165 581 4228 nr
610 4160 851 4233 cmuciatu
950 4163 1162 4250 deprompta.

362 4267 680 4338 momentu.
1013 4265 1044 4330 3.
1070 4254 1286 4334 HERODES
1307 4251 1501 4322 MAGNVS·
1533 4249 1619 4318 Vide
1642 4271 1700 4314 nn·

211 4477 290 4542 Fuit
327 4473 555 4542 Herodiadnm
594 4471 692 4558 stirps
727 4479 894 4556 postrema
950 4383 1046 4544 modi.
1077 4462 1213 4531 notus
1235 4481 1319 4528 uxor
1339 4459 1462 4546 prima,
1485 4451 1633 4538 plebeia,
1656 4471 1699 4516 ex

139 4636 1692 4694 ...-----——---—-—-··-·············

185 4775 218 4847 a)
236 4771 370 4849 Peg-lv.
389 4781 419 4830 οι
434 4765 514 4834 XIV·
586 4766 623 4840 b)
640 4765 734 4850 Rrgg.
752 4772 811 4828 rot·
827 4777 909 4826 uum·
926 4753 1030 4822 anecd.
1047 4765 1136 4850 ppo
1210 4751 1241 4824 c)
1260 4742 1396 4840 lom-11·
1413 4743 1519 4820 90368.
1825 4723 1831 4732 '

213 4883 309 4967 (rat
324 4881 410 4966 111.)
779 4853 782 4860 “
1091 4907 1095 4920 ·
1336 4853 1453 4936 Par
