4212 5462
432 568 482 645 ot
1091 549 1329 627 CILICIA.

440 729 534 806 aide,
564 746 646 813 quae
679 745 697 786 a
725 722 884 785 montanis
906 719 946 785 ad
971 741 1060 787 mare
1086 741 1189 807 usque
1247 721 1387 786 ministri
1421 721 1593 808 pontilicis.
1637 721 1767 786 Certint
1800 723 1841 788 ad
1878 727 1988 790 lovem

383 873 386 884 ·
439 851 554 914 versus
572 826 786 891 Anemurium
807 823 1050 910 porrigebatur.
1246 825 1393 909 pertinet
1420 825 1556 888 fulmen.
1593 825 1743 886 Diximus
1771 847 1888 910 supra,
1918 829 1992 911 aja-

417 925 422 936 '
502 933 615 994 Annos
652 928 851 1014 principatus
878 927 1070 1000 Polemonia
1108 925 1189 988 indi·
1247 947 1321 990 cem
1349 928 1472 990 Teucri
1497 927 1536 990 F.
1565 927 1634 992 lovi
1661 927 1748 1012 apud
1768 927 1889 992 Olbam
1913 943 1991 994 tem·
2093 929 2094 932 ’

439 1048 513 1097 cant
534 1034 649 1096 literae
671 1027 864 1128 Enitar
886 1027 960 1095 ET.
982 1029 1042 1094 tt.
1068 1028 1190 1092 Docui·
1245 1031 1336 1113 plum
1362 1027 1560 1094 aedificasse.
1600 1028 1755 1108 Accedit,
1781 1031 1870 1116 quod
1897 1033 1994 1098 Nico·

440 1157 512 1198 rnna
535 1157 631 1218 supra
654 1153 694 1196 ex
718 1131 899 1210 Strabone,
938 1131 1041 1194 Abam
1065 1129 1190 1194 Olben·
1247 1131 1316 1194 cles
1337 1129 1528 1194 Salaminius
1556 1151 1599 1194 ex
1624 1129 1740 1194 eadem
1761 1147 1867 1216 ‚gente
1891 1133 1932 1197 de
1956 1155 1992 1198 ae

438 1258 509 1301 sem
539 1236 697 1299 ditionem
724 1233 896 1297 abstulisse
919 1233 959 1295 ab
980 1233 1125 1296 Antonio
1156 1246 1190 1296 et
1246 1233 1435 1318 profitetur,
1465 1254 1501 1296 se
1523 1253 1626 1317 genus
1647 1255 1740 1296 saum
1758 1235 1890 1298 referre
1907 1236 1994 1298 inter

440 1336 625 1423 Cleopatra.
668 1340 805 1401 Factum
837 1333 925 1396 istud
955 1335 1057 1396 fuerit
1087 1335 1129 1402 V.
1152 1333 1188 1396 C.
1247 1333 1410 1399 semideos
1427 1333 1468 1398 ad
1483 1334 1660 1412 Aeacidas,
1684 1336 1773 1398 inter
1789 1338 1871 1399 deos
1888 1335 1929 1400 ad
1945 1337 1995 1400 lo-

438 1440 533 1523 713..
570 1459 634 1523 quo
670 1439 744 1522 ipso
782 1456 867 1500 anno
903 1448 937 1498 et
966 1435 1117 1512 lllvirum
1156 1446 1190 1496 et
1247 1456 1332 1500 vem.
1354 1437 1754 1516 (lanc-rateainNicocle,
1777 1437 1993 1522 etcopiosius

439 1544 645 1624 Cleopatram
674 1541 838 1624 aliquanto
867 1553 1025 1621 tempore
1049 1537 1084 1598 in
1112 1535 1189 1599 Cili·
1245 1537 1280 1598 in
1305 1535 1490 1601 laudatione
1512 1539 1712 1624 Euagorae.)
1753 1541 1806 1602 De
1835 1541 1994 1624 triquetra

441 1644 490 1708 cia
512 1657 656 1706 moratos
679 1653 815 1704 constat.
859 1639 936 1702 Fuit
966 1658 1049 1724 ergo
1078 1639 1106 1700 is
1136 1659 1190 1701 an·
1246 1641 1280 1701 in
1299 1640 1404 1701 numia
1422 1640 1643 1723 sequentibus.

438 1767 499 1809 nus
521 1745 645 1829 primns
667 1741 857 1817 Polemoni,
881 1760 979 1825 quem
997 1761 1093 1824 supra
1112 1739 1191 1802 fnis-
1311 1741 1391 1806 ΑΕ.
1412 1741 1517 1804 RRB.

441 1867 477 1912 ae
509 1845 603 1918 Abte
629 1843 778 1906 maritum
814 1843 995 1906 verisimile
1029 1841 1198 1918 diximus,

440 1949 561 2033 quique
579 1945 663 2010 adeo
679 1946 805 2028 accepti
822 1945 975 2007 beneficii
997 1963 1091 2008 causa
1112 1963 1188 2006 can·
1282 1981 1410 2046 ΜΗ
1439 1981 1462 2045 3
1471 1980 1721 2046 AGERDOS
1754 1981 1858 2048 OLB
1867 1984 1947 2050 ΔΕ.

439 2051 531 2113 tinuo
548 2048 681 2110 Antonii
702 2067 822 2108 nomon
841 2045 994 2121 adscivit,
1022 2059 1072 2131 ot,
1099 2044 1188 2130 quod

442 2152 610 2235 sequitur,
634 2149 695 2214 tait
713 2149 787 2211 ET.
805 2145 844 2211 B.
865 2169 966 2210 annua
985 2147 1025 2212 V.
1042 2147 1079 2212 C.
1098 2156 1187 2229 714„
1309 2141 1565 2212 ΚΑΙΣΑΡΟΣ.
1588 2142 1858 2217 ΣΕΒΑΣΤΟΤ.
1892 2153 2000 2232 Caput

343 2315 347 2326 ,
441 2254 582 2338 deniqne
603 2251 642 2317 E.
660 2251 721 2312 ΙΑ.
746 2271 846 2312 annua
870 2248 960 2330 723„
991 2267 1056 2332 quo
1082 2263 1188 2332 poste·
1247 2251 1403 2331 Augusti
1424 2253 1517 2314 intra
1539 2251 1699 2314 lauream.
1733 2248 2003 2314 ttAthEPE-

441 2354 512 2416 rior
533 2353 617 2417 alter
643 2373 716 2416 esna
742 2350 872 2434 nequit,
908 2369 982 2411 nam
1011 2349 1097 2414 victo
1124 2347 1187 2412 boc
1246 2347 1335 2413 ΩΣ.
1378 2345 1604 2416 ΑῙΑΝΤΟΣ.
1645 2347 1877 2418 TETKPOT.
1926 2351 2001 2412 TO·

442 2477 527 2520 anno
546 2455 586 2518 ad
606 2455 735 2518 Actium
751 2451 893 2516 Antonio
916 2469 982 2511 uon
1004 2471 1098 2512 ausus
1123 2471 1190 2512 am·
1246 2446 1761 2520 ssAPxo'r..KENNt.T52N.
1789 2453 1885 2519 ΚΑΙ.
1917 2449 2003 2515 ΛΑ·

443 2557 529 2640 pliua
549 2555 664 2618 inisset
683 2553 822 2616 Polemo
843 2552 914 2632 ejus
931 2551 1063 2614 nomine
1081 2550 1189 2615 Illviri
1245 2547 1358 2618 ΛΑΣ.
1385 2555 1462 2615 Duo
1476 2553 1639 2636 fulmina.
1663 2557 1734 2616 ΑΕ.
1759 2555 1920 2639 (Belley.)

444 2660 478 2732 ip
496 2656 714 2718 monumentis
735 2653 873 2738 publicis
891 2653 948 2715 uti.
1311 2647 1779 2722 ΑΙΑΝΤΟΣ.ΤΕΤΚΡοΤ.
1799 2659 1908 2739 Caput
1917 2657 2004 2735 Δία·

507 2759 689 2842 Antequam
713 2775 795 2840 quae
817 2753 859 2817 ad
880 2775 1053 2816 numorum
1070 2753 1189 2818 borum
1254 2757 1304 2817 cis
1325 2757 1448 2818 nudum
1471 2757 1630 2833 imberbe,
1647 2779 1730 2838 prae
1746 2779 1811 2838 quo
1826 2761 2004 2821 caduceus.

447 2858 649 2944 epigraphen
688 2857 875 2942 pertinent,
922 2855 1106 2933 absolvam,
1157 2857 1192 2918 in
1250 2851 1873 2926 tAPx1EPEt22.Tort.thoT.
1889 2856 2008 2923 KEN·

448 2983 585 3025 examen
628 2959 781 3026 videntur
823 2957 1027 3021 revocandae
1076 2957 1192 3023 literae
1250 2953 1441 3023 NamN.
1461 2951 1646 3020 ΛΑΛΑΣ.
1667 2959 1801 3026 ΕΤ.,Α.
1830 2961 2008 3042 Triquetra

448 3061 569 3140 call..
584 3083 666 3146 quae
684 3063 717 3122 in
733 3062 822 3122 numi
834 3059 1084 3124 Pembrocltiani
1100 3075 1193 3145 parte
1252 3062 1289 3120 ln
1311 3058 1391 3122 alio:
1419 3059 1493 3123 ET.
1511 3057 1551 3124 Β.
1581 3061 1730 3124 Fulmen.
1758 3061 1829 3126 ΔΕ.
1847 3061 1888 3126 11.
1913 3061 2009 3144 (Bet-

448 3165 553 3228 antica
590 3166 780 3228 Polemonis
800 3149 804 3154 ¹
823 3163 926 3225 titulis
970 3161 1193 3246 subjiciantur.
1252 3163 1325 3244 ley,
1347 3160 1496 3223 Pellerin
1518 3161 1598 3226 lloia
1619 3165 1750 3247 prop.)

450 3269 516 3330 Eas
536 3265 684 3350 neglexit
701 3265 867 3344 Belleyus.
901 3261 968 3326 Sed
986 3283 1094 3346 neque
1114 3264 1194 3355 mihi
1316 3263 1435 3326 Omnia
1461 3261 1552 3342 fere,
1577 3285 1662 3349 quac
1686 3259 1728 3328 ad
1756 3264 1877 3328 borum
1903 3263 2012 3347 expli·

451 3367 588 3430 idonens
619 3387 731 3430 earum
762 3365 940 3447 explicatas
971 3377 1103 3448 praesto
1134 3379 1193 3428 eat.
1252 3365 1413 3429 cationena
1431 3385 1605 3429 numerum
1625 3367 1808 3451 pertinent,
1832 3367 1867 3428 in
1894 3367 2012 3431 obser·

452 3471 488 3532 Si
506 3490 587 3534 vere
606 3469 755 3531 innumo
774 3478 900 3531 exstant
922 3479 1113 3547 praetensae
1132 3465 1194 3530 hae
1252 3467 1333 3532 vatia
1365 3465 1406 3528 ad
1435 3469 1674 3550 praecedentes
1699 3489 1817 3532 numos
1849 3483 2013 3552 occupata

452 3571 586 3645 literae,
613 3571 700 3653 quod
725 3565 864 3630 dubitari
887 3586 964 3628 vane
990 3581 1098 3650 potest
1120 3588 1196 3650 pro·
1253 3583 1337 3631 sunt.
1373 3569 1419 3630 Hi
1445 3571 1537 3632 numi
1567 3571 1689 3634 docent
1714 3585 1907 3655 praeterea,
1933 3573 2015 3655 Aja-

454 3687 528 3756 pter
543 3671 700 3734 biformes
714 3671 826 3732 literas
843 3665 875 3727 Σ
894 3667 967 3730 etC
989 3689 1024 3732 te
1042 3669 1196 3732 continuo
1254 3691 1326 3734 cem
1350 3671 1473 3734 Teucri
1491 3673 1531 3737 F.
1552 3673 1736 3758 imperante
1754 3674 1906 3756 Angusto
1928 3695 2017 3756 pon-

457 3773 676 3856 excipientes,
712 3771 798 3833 forte
830 3768 1011 3851 explendae
1046 3784 1121 3834 sunt
1151 3772 1199 3835 le·
1253 3771 1356 3836 tificio
1378 3773 1486 3838 Olbae
1514 3797 1652 3838 munere
1683 3775 1854 3851 iunctum
1887 3773 2014 3839 confir-

457 3873 565 3956 gendo
586 3865 914 3947 ΣΑΛΑΜΙΝΙΟΤ,
939 3871 1091 3934 nimirum
1111 3873 1199 3958 quod
1256 3889 1343 3939 mant
1358 3877 1473 3952 etiam,
1502 3877 1589 3960 qnod
1607 3891 1745 3940 testatur
1766 3877 1906 3955 Strabo,
1938 3877 2016 3959 ejus

456 3975 539 4036 baec
567 3973 757 4056 pontificum
784 3971 905 4054 familia
932 3992 967 4035 ae
997 3987 1104 4037 ortam
1129 3993 1200 4038 cre·
1255 3979 1321 4040 loci
1341 3977 1511 4060 pontifices
1527 3979 1723 4062 plerumque
1741 3979 1850 4062 Ajacis
1871 3993 1905 4042 et
1923 3981 2019 4041 Teu·

460 4071 574 4148 debat,
601 4087 654 4134 ant
678 4071 768 4133 credi
792 4071 961 4136 volebata
987 4059 1198 4136 Teucro'Sa·
1255 4080 1305 4142 cri
1338 4078 1521 4143 nominibus
1558 4067 1662 4143 usos.⁴
1691 4083 1729 4142 In
1767 4080 2018 4164 posterioribus

461 4171 611 4246 laminio,
640 4173 730 4255 cujus
747 4171 832 4234 iilius
847 4171 928 4254 Ajax
944 4171 1100 4238 Olbensis
1118 4186 1198 4236 tem·
1256 4181 1362 4244 numia
1391 4181 1578 4266 ambiguum
1607 4196 1674 4258 est,
1713 4181 1799 4246 sitne
1828 4181 2020 4267 legendum

461 4275 509 4360 pli
546 4287 659 4336 auctor
695 4272 826 4334 exstitit.
875 4275 991 4356 Neque
1027 4295 1104 4338 anne
1139 4278 1201 4340 alia
1260 4273 1483 4346 ΑῙΑΝΤΟΣ.
1530 4279 1786 4362 Tartaron,
1824 4305 1864 4348 an
1904 4279 2025 4345 TET-

463 4397 555 4439 causa
577 4373 691 4446 fuerit,
721 4393 780 4434 our
805 4371 840 4432 bi
867 4373 1038 4454 pontifices
1059 4375 1202 4459 plerum·
1258 4375 1390 4444 KPOT.
1424 4379 1649 4455 ΑῙΑΝΤΟΣ.
1700 4385 1875 4448 Posterior
1913 4385 2024 4449 lectio

463 4499 526 4559 qne
542 4477 595 4540 vel
611 4473 728 4556 Ajacia,
744 4471 798 4538 vel
814 4475 935 4536 Teucri
953 4477 1081 4540 nomina
1098 4499 1207 4564 aump-
1261 4481 1381 4565 placuit
1401 4485 1556 4568 Belleyo,
1583 4501 1617 4550 et
1638 4487 1833 4550 Pellerinio.
1865 4487 1911 4550 Aa
1934 4487 2025 4548 mibi

466 4577 577 4638 serint.
891 4589 893 4594 '
1261 4583 1354 4666 prior
1384 4585 1572 4668 praeplacet
1603 4587 1762 4650 suadente
1794 4587 1883 4651 istud
1914 4609 2025 4650 numo

529 4675 628 4754 Typit
662 4677 768 4753 Sella,
797 4697 855 4740 teu
878 4675 1014 4739 thronus
1039 4682 1206 4763 augustior
1261 4683 1499 4766 praecedente,
1517 4709 1591 4750 narn
1609 4689 1790 4753 verisimile
1805 4689 1961 4767 videtur,
1982 4691 2027 4752 ad

467 4774 645 4876 serviturus
661 4775 733 4839 usui
751 4797 809 4842 ven
824 4777 924 4864 ipsius
938 4779 1042 4856 lovis,
1059 4801 1119 4846 sen
1135 4785 1204 4866 ejus
1261 4805 1360 4848 nuum
1381 4785 1590 4874 eundemque
1611 4803 1771 4874 utrosque
1788 4793 1978 4874 pertinere.
