4168 5454
625 522 933 648 acuerem,
971 553 1217 630 rtatim„-
1599 579 1676 646 εισι
1731 659 1737 688 ι

128 722 267 790 ‘viderim
283 743 368 810 ego,
384 723 501 810 rigueti
520 736 592 790 aunt
605 722 789 810 imperante
800 727 877 794 Ela-
920 747 1000 793 nou
1022 723 1290 812 reprehendisse.
1327 725 1444 790 Nullua
1464 727 1621 798 irretenoa
1642 735 1676 798 in

125 828 254 914 galerio.
932 829 1214 893 Antiochenorum
1248 849 1326 894 aera
1360 845 1548 914 compertae
1578 837 1677 920 magi-

191 929 807 994 Eaatantaimileanumitaotumcum
825 941 876 995 e'a·
929 945 1051 995 atratua
1081 931 1298 1010 domeatieua,
1335 937 1439 1017 atque
1462 934 1559 998 etiam
1589 957 1677 1002 com·

122 1033 248 1120 pitilrua
269 1035 493 1116 Auguatorum
520 1045 575 1096 aut
597 1033 784 1099 Caesarum.
824 1035 876 1094 lu·
932 1049 1064 1118 pertua,
1086 1031 1236 1120 Ηιγεμονκ
1257 1054 1292 1096 ae
1314 1021 1518 1116 noriserrct,
1540 1039 1676 1124 quisuit

123 1135 239 1200 aoleua
269 1155 352 1220 argo
381 1137 485 1200 riaum
512 1135 713 1212 Pellerinio,
743 1139 889 1198 exatore‘
931 1138 1136 1220 magistratus
1155 1137 1345 1216 Romanoa,
1378 1151 1411 1200 et
1442 1136 1536 1202 uniua
1575 1141 1676 1206 Thra·

122 1237 269 1301 aimilem
303 1257 377 1302 cum
410 1240 516 1320 capito
539 1237 692 1322 Aquiliae
728 1237 873 1300 Set-arae
930 1237 1002 1301 oiae
1032 1237 1162 1300 urbium
1191 1240 1298 1302 numia
1319 1239 1517 1323 inacriptua,
1546 1244 1675 1328 quando

123 1339 497 1424 uxoriaElegalrali1).
536 1340 580 1402 Δι
603 1338 744 1400 diximus
767 1339 873 1421 capite
921 1339 1153 1416 Ἀπολλωνιος,
1183 1353 1219 1403 ut
1241 1341 1347 1424 iprum
1368 1361 1489 1404 nomen
1511 1341 1597 1422 fert,
1626 1365 1677 1409 ea·

121 1440 365 1525 praecedente,
387 1455 461 1526 poet
478 1441 676 1505 Caracallum
694 1441 727 1502 in
744 1453 874 1503 monete
922 1453 982 1503 'act
1005 1441 1208 1523 magistrumn
1224 1440 1373 1507 Graecua
1391 1456 1429 1506 et
1451 1445 1594 1526 privatua
1623 1468 1677 1509 m·-

123 1545 334 1608 Antiocheae
352 1563 502 1619 areraaa,
524 1563 606 1628 quae
625 1543 875 1625 auntAugaato·
931 1541 992 1604 bia.
1036 1543 1125 1605 Male
1154 1563 1231 1606 eane
1261 1565 1296 1606 ra
1319 1539 1352 1604 H
1374 1565 1449 1607 cum
1474 1547 1602 1631 reliqua
1629 1547 1676 1609 ia·

119 1663 220 1722 rum,
248 1645 368 1730 paaaim
387 1665 462 1708 cum
481 1643 676 1710 Caeaaribua
703 1658 737 1709 et
765 1641 875 1706 uxori·
931 1642 1110 1736 acriptione
1133 1644 1283 1722 acciarit,
1306 1646 1394 1731 quod
1418 1645 1507 1711 aliud
1527 1667 1594 1711 nou
1615 1663 1675 1725 eat,

118 1745 186 1809 aa
208 1747 472 1812 communicatem.
931 1763 1027 1829 quam
1067 1745 1268 1808 elementum
1305 1747 1509 1827 solitarium,
1546 1749 1624 1816 inde
1655 1773 1674 1814 a

189 1849 288 1926 Dixi,
310 1851 344 1912 in
365 1869 479 1914 areraa
498 1849 616 1912 lrorum
637 1869 811 1912 numerum
827 1860 875 1930 ty·
930 1849 1061 1924 Narra,
1083 1861 1119 1910 ut
1140 1847 1228 1926 dixi,
1251 1847 1346 1932 hujoa
1368 1851 1481 1914 claaaia
1501 1851 1608 1922 numia
1628 1853 1676 1915 iu·

119 1969 205 2034 ptam
233 1950 417 2035 principem
447 1971 521 2016 erae
548 1953 582 2018 S.
601 1953 638 2016 C.
669 1952 754 2014 intra
780 1969 874 2014 coro·
927 1948 1032 2012 ecribi
1053 1949 1196 2015 aolitum.
1231 1953 1356 2013 Tamen
1376 1951 1511 2017 difficile
1533 1969 1603 2033 eat,
1622 1957 1674 2017 lit·

119 2072 227 2128 nara,
246 2053 364 2117 additia
384 2054 491 2117 aerina
516 2054 622 2136 aquila
641 2067 676 2116 et
696 2051 801 2132 literia
822 2069 875 2114 ao-
931 2063 1075 2114 terarum
1093 2049 1205 2118 ΑΠΟ.
1224 2073 1337 2116 verum
1360 2074 1491 2118 aeneum
1512 2056 1674 2139 reperire.

122 2153 257 2218 litariia.
286 2156 331 2218 At
351 2157 385 2218 ira
404 2175 503 2218 numo
521 2155 725 2232 caracallae,
747 2166 874 2236 autpo·
929 2153 1034 2215 Forte
1067 2172 1133 2215 nen
1172 2152 1391 2230 aberravero,
1421 2157 1451 2218 ai
1481 2177 1537 2222 eea
1567 2159 1676 2242 rejun-

120 2255 193 2320 una
213 2257 384 2341 Elagabali
404 2258 514 2320 moaci
536 2257 689 2320 Caesarei
713 2269 764 2318 eat
788 2255 873 2317 ariea
932 2267 1000 2318 ctaa
1020 2254 1067 2318 ric
1088 2255 1245 2338 legendae
1262 2257 1477 2320 constituam:
1502 2257 1676 2345 Αντιοχου

121 2359 250 2423 aliena
274 2373 307 2423 et
334 2361 531 2443 reapiciena,
564 2379 625 2443 per
646 2375 754 2421 aream
780 2357 816 2419 S.
836 2356 873 2420 C.
933 2353 1020 2435 Πςος
1040 2353 1176 2440 (lenire,
1202 2358 1484 2422 Antiochensium
1506 2362 1552 2422 od
1572 2361 1675 2422 Oron-

117 2459 163 2524 Δ.
189 2459 231 2522 Ε.
260 2461 369 2525 omnia
397 2463 482 2524 intra
513 2479 680 2526 coronam.
730 2459 874 2535 Dictum,
931 2472 1013 2532 teor,
1036 2477 1109 2519 cum
1126 2471 1270 2534 constet,
1287 2479 1361 2522 eam
1383 2459 1499 2524 orbem
1516 2480 1674 2524 nonraro

119 2563 266 2626 arietem
284 2564 348 2628 lroc
365 2563 475 2626 habitu
492 2581 566 2625 eaae
576 2561 746 2646 proprium
763 2580 875 2624 mone·
928 2577 949 2621 a
964 2557 1179 2642 acriptoribua
1202 2561 1266 2622 diei
1279 2562 1489 2626 *Antiochiam
1510 2561 1552 2626 ad
1566 2561 1674 2628 Orou-

119 2665 421 2730 tacAutiocltenae
442 2679 567 2748 typum
925 2672 1008 2725 tem.
1046 2661 1152 2736 Nori,
1182 2662 1216 2724 in
1238 2663 1432 2726 Antiochiae
1461 2664 1568 2728 numia
1594 2685 1675 2728 uan-
1751 2697 1757 2704 ·

190 2767 227 2828 ln
255 2767 363 2830 numia
383 2767 522 2830 Macrini
545 2785 692 2830 areraam
719 2763 798 2828 lacit
822 2783 874 2827 ca·
925 2763 1203 2848 qoamaliaaaitua
1219 2766 1415 2828 mentionem
1434 2764 1547 2850 prodi,
1563 2778 1675 2829 atcer-

120 2881 186 2953 ραι
207 2869 269 2931 filii
291 2869 543 2933 Diadumeniani
562 2867 702 2950 poaitum
724 2866 812 2929 inter
838 2865 872 2930 8.
931 2877 1011 2928 tum.
1031 2866 1154 2940 etiam,
1183 2866 1327 2929 nondam
1358 2868 1515 2932 haetenus
1540 2887 1673 2933 araraae

119 2971 158 3034 C.
199 2971 261 3032 nia
290 2971 524 3054 praeeuntibua
558 2971 728 3046 eaiatimo,
763 2965 872 3031 eidem
930 2966 1016 3050 parti
1038 2967 1132 3048 hujua
1150 2967 1262 3030 claaaia
1283 2990 1455 3032 nemorum
1477 2969 1604 3032 illatam
1621 2989 1675 3034 ca·

119 3071 204 3134 lruic
222 3071 319 3136 claaai
340 3087 411 3136 tuto
431 3093 529 3157 poaae
552 3073 657 3135 inaeri
679 3083 872 3155 aequantem
930 3080 988 3150 put
1002 3066 1118 3132 riaum.
1142 3067 1241 3163 Quod
1260 3068 1288 3132 ai
1305 3069 1493 3156 conjectura
1508 3069 1590 3135 haee
1606 3092 1672 3134 uon

120 3195 260 3236 numum
281 3175 505 3258 singularem,
537 3195 636 3261 quem
663 3171 767 3236 edidit
787 3171 874 3253 Hay·
930 3166 1079 3246 adridet,
1100 3170 1184 3234 cedo
1205 3171 1310 3234 aliam.

120 3277 211 3340 mina
225 3273 279 3359 ψ
993 3271 1107 3334 Aenea
1133 3271 1215 3338 haec
1234 3285 1364 3337 moneta
1386 3273 1426 3338 ab
1449 3274 1598 3358 Aegeate
1622 3294 1673 3336 ιν

286 3373 389 3440 ΑΔΡ.
421 3374 754 3441 ANTOENEINOC.
775 3371 871 3438 CER.
930 3391 995 3455 qua
1026 3371 1067 3435 ad
1089 3373 1285 3439 caracallam
1314 3390 1365 3440 eat
1391 3375 1465 3440 dere
1487 3377 1511 3440 1.
1533 3375 1670 3450 formae,

118 3473 283 3544 ss'rctttt
306 3483 382 3562 Cup.
397 3480 482 3542 Ant.
496 3483 552 3542 Pii
570 3481 656 3541 taur.
682 3473 707 3538 Ξ
730 3471 872 3539 ΛΤΡΗ-
929 3494 1005 3557 para
1020 3474 1131 3558 potior
1144 3479 1206 3556 tt,
1227 3477 1399 3562 pauciorea
1416 3481 1471 3542 111.
1499 3477 1543 3539 At
1559 3475 1670 3540 iudea

116 3573 869 3645 Aroe.ttAt.cEB.Et·ctt.Ttoc.T11m
930 3575 1095 3644 Caracalla
1114 3599 1195 3666 quoa
1213 3579 1368 3660 viderim,
1390 3599 1504 3644 omnea
1526 3593 1600 3642 aaut
1614 3579 1669 3646 111.

118 3677 237 3748 Ano,
275 3683 384 3760 Caput
403 3685 543 3746 Aurelii
563 3685 715 3746 Caesarie
737 3683 872 3758 nudum,
928 3676 1065 3750 formae.
1691 3679 1694 3685 '

116 3789 156 3848 r'rr
176 3805 260 3846 oreo
282 3783 317 3848 S.
341 3788 375 3854 0.
397 3787 521 3848 inimo
536 3779 581 3850 Η.
604 3783 676 3847 att.
686 3781 728 3846 ll.
989 3781 1201 3867 aptataque
1226 3781 1306 3845 olim
1329 3800 1444 3844 amuea
1465 3781 1500 3842 lri
1520 3781 1611 3843 numi
1629 3782 1669 3844 ab

185 3885 344 3968 Haymiua
376 3899 559 3970 poatrcmaa
592 3885 718 3948 litterar
744 3882 871 3967 epigra-
926 3885 1076 3966 Augusto
1093 3905 1197 3969 uaque
1213 3884 1254 3948 ad
1265 3885 1425 3957 Nervam,
1443 3883 1595 3967 queniam
1608 3883 1669 3948 La·

119 3987 227 4072 pbea,
249 4006 333 4072 quae
352 4001 402 4050 eat
417 3989 451 4050 in
471 4008 606 4066 areraa,
628 3988 675 4052 aie
697 3985 869 4070 repararit,
926 3984 995 4048 tina
1022 3987 1174 4071 utrinque
1202 3984 1447 4062 inauribuntur,
1478 4005 1551 4049 aaaa
1581 4005 1668 4050 com·

115 4105 157 4154 aa
180 4089 331 4174 legeretr
363 4085 507 4165 ΤΠατος
531 4091 706 4174 Αντιοχου»
732 4082 870 4148 Atton—
926 4087 1019 4152 matia
1039 4087 1179 4152 Romani
1199 4087 1317 4152 crediti
1340 4100 1441 4165 aunt,
1468 4107 1609 4172 cumque
1633 4089 1667 4150 in

115 4195 233 4268 λων,
254 4211 396 4276 cumque
424 4192 582 4276 acriptuur
608 4191 694 4256 inira
723 4191 869 4254 elemen-
925 4190 987 4255 ltae
1011 4191 1115 4255 clarae
1134 4205 1307 4256 occurrant
1329 4191 1426 4253 etiam
1448 4189 1544 4255 aenei
1564 4189 1667 4254 Otho·

113 4307 191 4356 tun
208 4291 244 4355 Η
262 4313 337 4357 cum
356 4293 425 4377 ipen
441 4293 622 4378 epigraphe
641 4291 868 4376 conjungeret,
924 4293 996 4370 nia,
1018 4293 1197 4384 dubitatum
1222 4313 1288 4355 nou
1311 4303 1380 4368 eat,
1406 4313 1524 4356 namur
1546 4311 1665 4355 aeneoa

112 4395 368 4479 illadeaplarit
383 4395 527 4478 legendo
544 4393 716 4482 Ηψμωος.
745 4393 867 4456 Mirum
925 4415 999 4460 cum
1026 4397 1122 4482 hujua
1148 4395 1253 4482 capite
1273 4395 1398 4460 Romae
1427 4397 1579 4481 rigueto·-
1613 4393 1664 4458 lla

112 4517 218 4578 rarae,
241 4497 410 4562 lllaelliur'u
428 4517 538 4561 aerem
556 4511 590 4560 et
605 4499 767 4561 eruditura
783 4497 878 4578 lday·'
924 4499 1028 4582 magia
1046 4501 1231 4584 explorata,
1253 4517 1393 4585 cumque
1410 4497 1533 4563 fabrica
1550 4508 1663 4578 aperta

111 4599 180 4662 nii
199 4617 373 4666 cenorum
398 4621 529 4686 preren
558 4599 643 4666 hanc
670 4598 866 4665 aautantiaoa
924 4619 1006 4686 apua
1032 4601 1245 4687 peregrinam
1266 4600 1402 4685 prodat,
1432 4619 1500 4664 uon
1526 4597 1664 4684 amplior

158 4815 191 4882 a)
211 4811 313 4873 ttett
331 4832 363 4890 p
379 4825 439 4879 tos.
512 4812 550 4886 a)
567 4811 624 4872 Ph.
638 4811 689 4873 ne.
706 4811 792 4874 Pom.
805 4809 843 4869 ll·
863 4807 925 4870 tale.
936 4821 980 4874 at,
