4238 5460
449 525 520 606 156
933 559 936 564 .
1051 619 1055 627 ἱ
1082 499 1355 598 rtttttetn.

449 690 502 754 his
519 683 628 750 numia
643 679 763 768 Noemi
784 675 906 744 diluvio
929 673 1134 740 resuscitavit
1148 673 1191 754 Ι).
1248 669 1316 736 bue
1335 649 1536 754 pertinebtia
1551 671 1615 754 jam
1638 692 1734 756 supra
1755 673 1821 736 sois
1841 672 1932 736 loeis·
1946 671 1996 732 iu·

450 794 543 876 Ergo
564 785 744 852 acrioribus
768 782 889 844 iterum
910 776 1023 840 studiis
1042 775 1076 838 in
1099 793 1193 858 prae·
1250 771 1373 853 dicavi,
1395 788 1543 839 ceterum
1569 773 1751 840 verisimile
1773 773 1903 838 ridetur
1921 775 1995 844 viro

392 901 398 918 ¹
451 895 591 960 sentium
611 901 758 954 naturam
786 901 960 948 nemorum
988 877 1030 944 ab
1054 875 1192 942 eruditis
1250 875 1400 954 erudito,
1421 876 1533 940 literas
1551 876 1681 962 priores
1698 893 1770 939 essa
1791 873 1886 953 ΝΩ,
1908 876 1998 960 quis·

451 994 566 1080 Anglis
583 989 708 1076 inquiri
722 999 892 1070 coeptam,
915 995 949 1046 et
964 980 1113 1064 vulgatae
1131 977 1192 1074 bac
1251 989 1379 1063 cunque
1401 975 1521 1042 deiude
1551 996 1664 1042 earum
1692 977 1735 1038 sit
1756 979 1955 1062 explicatus,
1979 1001 1998 1040 a

450 1100 486 1161 iu
514 1117 608 1162 causa
634 1089 879 1156 dissertationes
901 1095 991 1159 tres,
1021 1101 1104 1166 quae
1129 1077 1196 1142 col·
1253 1081 1359 1164 quoia
1374 1079 1473 1144 nutius
1489 1079 1551 1144 sibi
1567 1078 1793 1144 abstinendum
1811 1093 1912 1164 putat.

451 1201 558 1264 lebtae
586 1205 714 1262 exstant
740 1190 774 1252 iu
798 1207 920 1272 operes
944 1173 1197 1264 Arcidaologs'a
1315 1182 1396 1260 His,
1420 1195 1456 1245 ut
1477 1195 1686 1266 oportuerat,
1714 1181 1864 1245 indicatis
1886 1193 2001 1258 restat,

447 1297 627 1386 pobttstaed
642 1298 686 1378 dy
704 1294 759 1358 stre
771 1291 905 1370 society
923 1286 966 1368 ff
975 1283 1198 1364 Antiquurs'er
1253 1299 1290 1349 at
1305 1306 1430 1363 meam,
1449 1283 1682 1372 qualiscunque
1699 1303 1738 1346 ea
1755 1280 1892 1347 eruditis
1910 1284 2002 1349 ride·

453 1401 667 1486 rffLtmdon,
686 1388 723 1460 'ot
745 1412 782 1456 se
803 1385 970 1454 volumine
990 1387 1047 1454 Ν.
1080 1381 1158 1447 iude
1178 1403 1201 1448 s·
1253 1387 1368 1464 bitur,
1397 1387 1596 1451 sententiam
1620 1383 1775 1468 aperiam.
1809 1385 2001 1452 Verisimile

452 1502 570 1588 pagina
601 1495 675 1562 315.
706 1487 962 1576 consequuntur.
993 1487 1135 1550 ‘Primus
1157 1484 1198 1552 in
1255 1489 1335 1580 mibi
1355 1489 1451 1573 plane
1474 1487 1623 1562 videtur,
1646 1507 1745 1550 unum
1771 1489 1890 1551 Noemi
1915 1489 2001 1552 dilu-

453 1606 557 1670 aciem
572 1593 1010 1685 progressusBarriogtonus
1024 1603 1126 1652 totum
1139 1586 1200 1650 bo·
1255 1592 1343 1657 sium
1375 1591 1440 1656 hoo
1467 1604 1544 1674 typo
1566 1588 1805 1654 adumbratum.
1846 1591 1913 1654 lam
1935 1592 2003 1674 pri·

455 1727 528 1771 rum
557 1721 731 1768 numerum
760 1708 989 1781 argumentum
1019 1691 1198 1756 secuudum
1256 1713 1344 1755 mum
1368 1713 1443 1758 area
1460 1712 1562 1777 aquae
1580 1691 1749 1769 innatans,
1771 1693 1918 1756 conclusi
1940 1693 2004 1755 bae

454 1805 671 1872 Deucalionis
689 1815 722 1864 et
739 1798 886 1882 Pyrrhae
904 1793 1045 1860 fabulam
1065 1805 1198 1858 conatus
1256 1795 1308 1860 sir
1336 1795 1542 1882 mulierque,
1569 1793 1721 1857 columba
1751 1793 1846 1858 oleae
1875 1815 2005 1858 ramum

457 1925 508 1975 est
527 1907 713 1992 explicar03
737 1915 770 1965 at
787 1921 860 1964 eum
877 1897 1007 1961 obstare
1026 1895 1088 1958 sibi
1109 1893 1200 1960 vide·
1256 1895 1448 1980 adportans,
1477 1908 1512 1960 et
1541 1896 1644 1960 altera
1673 1893 1828 1959 adsidens
1854 1895 1923 1960 svis
1955 1897 2006 1959 sic

454 2025 547 2076 retur
572 2005 766 2096 uocabulum
789 1997 917 2075 ΝΩΕ,
940 1995 1030 2084 quoti
1052 2016 1120 2060 uon
1144 1995 1198 2058 du·
1258 1997 1457 2066 conveniunt
1491 1997 1713 2074 Deucalioni,
1749 2011 1786 2060 ut
1823 1997 2006 2061 secuudum

426 2187 429 2201 ⁹
456 2109 578 2175 bitabat
602 2107 648 2170 sic
674 2118 804 2168 exstare
832 2103 866 2163 in
891 2101 943 2162 his
964 2099 1083 2170 numia,
1106 2100 1202 2164 adfir-
1258 2089 1370 2166 oaus'as
1389 2099 1521 2163 omnino
1545 2120 1658 2166 omnes
1682 2100 1878 2164 conueniant
1896 2119 2006 2182 aeque

456 2233 547 2278 mare
564 2230 630 2273 non
647 2206 847 2280 estreritus,
864 2201 1004 2286 positum
1018 2199 1123 2264 ΝῙΩΕ
1140 2219 1201 2286 pro
1258 2201 1455 2278 namadoui,
1486 2221 1548 2286 qus
1570 2206 1642 2267 Noe
1665 2202 1822 2268 diluvium
1844 2203 1878 2263 in
1899 2203 2007 2266 sacris

456 2313 568 2389 Nm.
586 2309 816 2397 quiesthomo
832 2302 1210 2390 duolis'duetuasbr’po,
1258 2307 1371 2370 literis
1387 2297 1597 2372 describitur.
1626 2303 1756 2368 Deinde
1775 2303 1864 2388 quod
1885 2303 2012 2388 grauis-

459 2421 611 2500 huncque
650 2411 817 2494 explicare
861 2405 1040 2471 secundum
1072 2425 1205 2470 versum
1261 2409 1377 2472 simum
1406 2404 1477 2468 aliis
1507 2427 1569 2490 pro
1590 2406 1793 2470 Deucalione
1820 2421 1857 2469 et
1879 2405 2013 2488 Pyrrha

460 2517 591 2586 Ovidii:
613 2513 685 2579 tt'm
704 2515 769 2574 duo
793 2509 993 2590 (Deucalion
1013 2519 1046 2570 et
1062 2507 1205 2590 Pyrrha)
1262 2519 1492 2594 argumentum
1514 2521 1584 2586 cst,
1606 2509 1761 2572 nimirum
1788 2521 1929 2594 uterque
1953 2506 2014 2568 hic

461 2624 562 2687 turba
586 2635 709 2680 sumtus.
743 2611 916 2696 Reliquam
942 2609 1206 2694 disputationem,
1264 2633 1339 2676 arca
1361 2631 1536 2696 egressus,
1555 2624 1600 2678 ¹et
1622 2631 1698 2675 saxa
1719 2625 1794 2696 post
1814 2624 1946 2694 tergum
1968 2609 2015 2687 ja·

462 2743 524 2808 qua
545 2721 574 2780 is
596 2713 812 2798 comprobare
838 2712 998 2790 intendit,
1020 2709 1139 2774 Νοὸωὶ
1161 2711 1211 2772 ‹ti-
1266 2717 1372 2792 ciens,
1389 2712 1470 2776 tanti
1485 2734 1562 2778 sane
1577 2735 1644 2778 nou
1661 2715 1742 2776 mihi
1758 2713 1931 2800 rideatur.¹
1946 2711 2016 2770 Ne-

465 2823 589 2887 lurinm
606 2839 673 2882 non
690 2816 790 2879 fuisse
813 2814 1018 2892 universale,
1039 2835 1114 2878 cum
1131 2813 1210 2876 alie·
1264 2838 1328 2904 que
1347 2816 1435 2880 enim
1456 2816 1552 2900 plane
1575 2829 1705 2880 certum
1722 2816 1899 2894 indicium,
1923 2811 2018 2876 istud

463 2947 506 2990 na
521 2923 595 2988 sita
612 2941 688 2984 meo
702 2918 860 2994 instituto,
878 2919 1028 2980 intactam
1042 2917 1207 3000 relinquo.
1264 2921 1341 2984 illos
1357 2938 1476 2984 revera
1493 2937 1611 3002 agere,
1632 2917 1771 3002 possunt
1787 2915 1931 2992 adferre,
1945 2935 2018 2978 non

465 3026 619 3091 Proxima
630 3021 816 3086 dissertatio
828 3017 1017 3084 Reverendi
1027 3017 1137 3080 Miller
1151 3039 1211 3080 nu·
1265 3040 1486 3106 compressam
1509 3040 1622 3082 manus
1646 3019 1773 3097 volam,
1804 3039 1870 3104 quo
1890 3016 2019 3080 indica.

464 3149 536 3194 mos
555 3129 644 3212 ipsos
660 3121 880 3210 persequitur.
913 3117 1086 3184 Existimat
1109 3119 1208 3197 enim,
1266 3138 1360 3188 retur
1378 3135 1529 3206 arreptus
1547 3119 1724 3203 adjectum
1740 3121 1839 3205 lapis,
1861 3141 1930 3206 quo
1946 3139 2018 3183 mo·

357 3297 363 3310 ,
465 3249 584 3296 numos
610 3237 736 3292 tanturn
765 3243 825 3288 eos
850 3222 1010 3306 genuinos
1037 3222 1209 3306 putandos,
1266 3225 1310 3289 do
1327 3224 1464 3290 Cadmus
1484 3243 1560 3287 cum
1577 3223 1756 3308 eouspicuo
1774 3223 1860 3286 iutra
1881 3243 2017 3288 manum

469 3335 525 3418 qui
540 3332 731 3416 inscriptum
756 3345 850 3394 arcae
881 3319 1030 3390 ΝΕΩΚ.
1055 3323 1209 3400 oll'erunt,
1266 3327 1375 3412 lapido
1405 3326 1539 3412 lingitur
1558 3319 1602 3388 'in
1632 3323 1739 3388 uumis
1767 3324 1948 3406 Tyriorum
1971 3324 2018 3407 Ι3),

469 3435 558 3521 quod
573 3431 692 3496 deinde
710 3454 728 3494 a
747 3425 886 3492 salsuriis
901 3425 934 3487 iu
952 3423 1057 3489 ΝΩΕ
1076 3425 1138 3488 tuit
1152 3427 1212 3488 im·
1266 3449 1334 3493 non
1350 3427 1476 3513 lapides
1494 3427 1576 3492 ulios
1600 3447 1714 3492 serem
1737 3439 1909 3504 secantes,
1924 3427 2021 3492 .alios

471 3551 640 3602 mutatum.
669 3537 714 3596 At
729 3533 793 3595 boc
813 3545 987 3614 perperam
1010 3551 1028 3592 a
1050 3531 1120 3592 viro
1138 3549 1213 3591 eru·
1268 3533 1413 3616 jacentes
1429 3529 1528 3594 bosni.
1550 3531 1611 3608 As,
1628 3531 1733 3614 ajunt,
1748 3551 1880 3594 manum
1895 3531 2022 3594 utrius·

471 3641 541 3705 dito
558 3637 673 3714 statui,
694 3647 784 3719 patet
799 3653 841 3696 ex
856 3631 916 3708 iis,
938 3649 1020 3716 quse
1037 3651 1134 3714 supra
1150 3629 1214 3694 dis·
1270 3654 1334 3720 que
1364 3632 1512 3696 ridemus
1541 3645 1723 3708 arrectumt
1744 3654 1785 3695 su
1811 3651 1894 3698 vero
1917 3632 2024 3696 etiam

472 3743 663 3829 putarimus.
692 3731 963 3804 VtNoemumab
980 3731 1031 3794 bis
1046 3733 1216 3796 numisar·
1271 3757 1313 3800 eo
1335 3745 1431 3819 gestu
1450 3735 1608 3818 nisuque,
1630 3735 1686 3821 qui
1706 3731 1829 3818 aliquid
1850 3747 1928 3818 post
1954 3747 2025 3797 ter·

474 3860 544 3922 cet,
567 3844 614 3906 sic
628 3859 736 3926 neque
750 3835 960 3902 Deucalionis
975 3833 1133 3900 diluvium
1150 3835 1214 3898 boc
1272 3861 1348 3923 gum
1369 3835 1561 3922 jactantibus
1591 3855 1726 3921 prorsus
1754 3837 1940 3902 convenit?
1973 3839 2027 3898 In-

473 3961 551 4029 typo
569 3942 707 4006 indicari
725 3952 837 4024 putat,
859 3937 917 4002 sed
940 3957 1016 4002 eum
1033 3937 1156 4002 rectius
1174 3935 1215 4000 ad
1271 3961 1409 4004 numera
1429 3937 1586 4004 babemus
1606 3937 1641 3999 in
1658 3951 1808 4005 veterum
1826 3958 2029 4004 monumen·

474 4049 635 4132 privatum
665 4043 807 4124 aliquem
831 4039 1063 4123 Apamensium
1092 4040 1216 4104 cultum
1272 4043 1313 4105 tis
1335 4042 1486 4126 exempla
1515 4040 1693 4126 figurarum
1724 4039 1865 4104 similem
1887 4039 2029 4128 gestum

475 4145 709 4222 referendum,
728 4143 788 4206 sed
804 4161 902 4226 quem
919 4142 1117 4225 ignoramus.
1135 4145 1217 4205 'Per-
1273 4143 1550 4230 praeferentium,
1586 4163 1685 4229 quem
1717 4139 1861 4208 artifices
1896 4146 2032 4212 tribue·

417 4297 426 4314 .
476 4251 524 4314 tio
537 4249 613 4312 loco
629 4245 776 4310 succedit
791 4265 986 4328 responsum
996 4244 1129 4310 Abbatis
1139 4247 1218 4308 Bar·
1273 4260 1351 4310 runt
1371 4260 1426 4310 sut
1443 4239 1742 4322 confabulantibus,
1765 4253 1821 4308 aut
1835 4245 2034 4312 admiranti-

477 4348 636 4432 tbclemyi
672 4346 713 4410 sb
748 4345 885 4410 eruditis
916 4347 1033 4431 Anglis
1066 4347 1217 4424 consulti,
1274 4347 1353 4426 bus,
1374 4361 1429 4412 aut
1447 4345 1727 4434 pacificatoribus‚
1749 4361 1803 4410 aut
1821 4345 1913 4412 aliud
1932 4349 2035 4435 quid·

479 4454 557 4540 quid
579 4453 650 4536 ipse
673 4449 716 4514 de
736 4448 797 4514 bac
822 4467 917 4513 orcae
938 4448 1119 4537 epigraphe
1143 4470 1219 4514 cou-
1275 4450 1325 4515 ris
1341 4449 1530 4534 agentibus,
1552 4471 1649 4536 quam
1670 4448 1863 4534 jactantibus
1879 4449 2034 4536 lapidem

480 4555 677 4621 stitueudum
699 4563 839 4638 putaret.
873 4551 926 4612 Ex
942 4549 993 4613 bis
1009 4551 1115 4614 literis
1131 4551 1220 4618 vario
1276 4571 1493 4644 consuevere.
1540 4551 1640 4648 Quod
1654 4541 1756 4618 ‘'vero
1781 4551 1915 4616 tandum
1941 4553 2038 4618 fasti·

518 4789 548 4856 a)
568 4785 637 4845 Vol.
652 4785 691 4842 ll.
709 4797 811 4862 μαψ.
866 4766 920 4857 b)
940 4781 1028 4844 Vaill.
1047 4785 1078 4842 iu
1091 4785 1198 4845 Calon.
1215 4785 1270 4846 sub
1290 4785 1445 4847 Gordiano
1462 4801 1492 4847 et
1509 4787 1660 4850 Gallieno.
1775 4859 1786 4878 ,
