4238 5460
417 543 488 612 133
661 587 663 594 Α
847 625 849 632 y
1052 517 1327 636 PHRYGIa

420 728 427 747 ι
460 692 511 756 Ta
530 683 567 756 ir
581 695 705 768 κιβωτος
720 684 830 772 ἔμεινεν
849 685 879 752 is
895 682 1031 766 ν’ψηλοιο
1049 691 1163 770 καςηνιρ
1218 703 1374 772 praesens
1407 681 1559 768 postulat.
1608 680 1692 748 Satis
1724 696 1870 763 conatu,
1902 685 1963 748 bo·

414 833 418 840 -
457 791 625 874 Aqgusrm
644 785 771 855 teman
1217 808 1291 852 rum
1312 799 1464 850 auctores
1481 803 1705 872 quamcunque
1723 783 1840 849 famam
1859 785 1963 848 luisse

457 895 521 960 Est
540 915 615 958 vero
638 895 675 956 in
693 891 862 976 Pbrygiae
881 889 1038 957 Celaenas
1056 890 1163 952 ronti·
1217 901 1363 965 secatus,
1385 905 1500 970 parum
1521 886 1685 966 solicitos,
1708 899 1858 972 quautam
1878 886 1963 952 baec

947 1001 1045 1054 mute
1216 987 1316 1054 iidem
1349 1001 1589 1072 promereatur.
1630 990 1723 1073 Ergo
1758 985 1794 1052 et
1829 1001 1960 1066 auctor,

456 1097 650 1162 laureanus
691 1095 790 1176 louge
831 1094 1006 1174 porrectus
1048 1075 1162 1168 mons,
1216 1091 1273 1177 qui
1298 1089 1464 1188 tabulam,
1487 1090 1521 1150 in
1551 1089 1614 1174 qua'
1642 1111 1772 1166 sumus,
1800 1088 1961 1174 prodidit,

562 1191 564 1198 ’
681 1197 817 1258 Arctet
837 1213 914 1256 vero
936 1203 1092 1269 coeatur,
1112 1225 1127 1240 ·
1146 1223 1161 1241 ·
1215 1193 1283 1282 iton
1303 1213 1376 1256 eam
1396 1192 1467 1276 ipse
1489 1190 1599 1267 linxit,
1626 1189 1686 1254 sed
1706 1191 1747 1253 ab
1768 1189 1960 1260 aliittradi·

456 1299 540 1363 Inde
569 1309 754 1363 nuscuntur
771 1299 891 1380 sontes
919 1294 1034 1373 magui
1053 1292 1162 1378 fluvii
1215 1293 1282 1360 tam
1315 1293 1350 1355 in
1380 1291 1514 1357 carmen
1545 1313 1638 1354 suum
1667 1291 1806 1376 recepit.
1848 1291 1963 1356 Credi·

908 1415 926 1456 ,’
950 1395 1120 1476 Marsyas·
1215 1409 1285 1461 tum
1305 1395 1406 1480 igitur
1426 1393 1488 1456 luit
1509 1393 1691 1471 nonnullis,
1718 1405 1883 1472 montem,
1904 1393 1964 1478 qui
2097 1457 2098 1468 ,

453 1501 495 1563 Ia
507 1489 611 1578 ¹lartius
625 1485 764 1579 sublimi
781 1501 901 1562 vertice
917 1515 998 1560 arcu
1013 1497 1140 1577 quievit
1216 1497 1382 1580 Apameae
1398 1495 1605 1572 imminebat,
1624 1495 1850 1579 fuisse-ipsum
1865 1493 1962 1558 illum

384 1584 387 1592 ⁵
413 1631 416 1638 ¹
453 1601 696 1663 Recedsntibus
716 1603 821 1678 aquis.
1214 1599 1352 1677 Ararat,
1381 1599 1416 1660 in
1436 1617 1503 1680 qao
1525 1597 1611 1661 sedit
1631 1617 1723 1676 arca,
1755 1610 1852 1681 atque
1872 1594 1963 1658 istud

473 1701 527 1762 En
558 1700 623 1764 boc
655 1697 861 1776 testimonio,
896 1716 981 1784 quae
1011 1694 1054 1760 ad
1084 1715 1158 1760 rem
1214 1701 1303 1763 tanto
1339 1698 1476 1782 pronius
1513 1699 1693 1776 creditum,
1731 1700 1807 1782 quia
1842 1716 1964 1764 revera

411 1789 517 1867 meam
532 1801 667 1877 saciant,
687 1798 843 1882 capienda
857 1799 1040 1884 sequentias
1063 1801 1087 1863 1.
1101 1799 1158 1862 At·
1179 1847 1182 1852 -
1213 1814 1377 1869 vetustum
1399 1801 1473 1864 urbi
1492 1801 1613 1864 nomen
1630 1799 1693 1862 fuit
1708 1787 1865 1878 Κιβωτος,
1891 1801 1963 1863 Ar·

411 1905 548 1990 tingitur
563 1903 615 1965 bis
634 1899 784 1964 versibus
800 1900 974 1980 diluvium,
990 1915 1026 1965 nt
1044 1914 1156 1984 suapte
1214 1925 1272 1982 ca,
1301 1902 1343 1966 ab
1364 1916 1503 1981 eventu,
1528 1915 1564 1965 ut
1585 1921 1699 1964 rumor
1719 1900 1849 1978 tulerit,
1874 1897 1960 1961 iudi·

410 2003 514 2088 pat'et,
548 1995 590 2068 Il.
618 2021 685 2066 nou
711 2022 793 2068 vero
820 2001 902 2063 illud
930 2003 1157 2082 Deucalionis,
1213 2019 1294 2071 tum.
1345 2006 1413 2069 lam
1447 2023 1529 2070 vero
1563 2023 1619 2066 rea
1653 2003 1688 2064 in
1718 2003 1834 2086 vulgus
1863 2015 1969 2080 uota,

410 2127 486 2170 nam
505 2105 539 2165 in
561 2103 626 2168 boc
646 2125 720 2168 arca
738 2101 1091 2188 quievisse-ferebatur
1106 2127 1158 2168 su·
1213 2107 1386 2173 Graeculis
1415 2105 1593 2192 quamlibet
1625 2125 1756 2182 auram,
1795 2103 1963 2190 quoslibet

409 2228 473 2292 per
493 2220 605 2270 monte
625 2207 801 2282 Parnasso,
825 2203 884 2267 sed
902 2205 1039 2286 Noemi3
1061 2207 1157 2290 bajas
1214 2230 1385 2288 susurros,
1416 2207 1533 2294 quibus
1560 2199 1722 2271 accedere
1748 2205 1811 2269 sibi
1836 2225 1961 2270 nomeu

410 2309 498 2374 'enim
526 2307 793 2378 decrescentibus
820 2308 911 2392 aquia
938 2328 981 2372 ex
1006 2321 1157 2375 veterum
1213 2321 1440 2394 speraverant,
1459 2309 1642 2392 gravissimi
1660 2308 1838 2373 testimonii
1857 2309 1962 2373 instar

410 2412 608 2496 scriptorum
622 2423 733 2480 mente
748 2409 913 2494 requievit
927 2431 1002 2474 arca
1017 2409 1052 2472 in
1065 2431 1157 2474 mons
1212 2411 1330 2490 fuisse,
1351 2411 1395 2476 de
1417 2432 1483 2496 quo
1501 2431 1622 2478 eorum
1643 2410 1776 2495 ingenio
1799 2411 1959 2495 graphice

407 2525 444 2576 te
468 2513 597 2576 Ararat.
637 2514 693 2576 111.
716 2513 842 2588 Locus,
869 2510 927 2574 ubi
946 2511 1034 2575 istud
1054 2513 1157 2576 conti·
1183 2575 1195 2589 ,,
1211 2512 1338 2576 Plinius
1364 2516 1413 2596 ηε
1453 2517 1574 2578 mirum
1605 2525 1674 2592 est,
1708 2533 1772 2594 quo
1798 2517 1963 2596 procedat

406 2615 496 2700 gisae
522 2611 658 2692 dicitur,
686 2613 891 2680 evidentibus
913 2613 1155 2678 characteribus
1218 2615 1348 2680 Graeca
1369 2616 1574 2690 credulitas3
1608 2615 1736 2678 nauum
1760 2628 1829 2677 tum
1855 2618 1962 2698 impu-

409 2715 616 2800 desiguatur,
635 2736 755 2800 nempe
774 2715 857 2780 baec
873 2729 985 2780 nostra
1000 2717 1155 2799 Apamea,
1212 2719 1292 2780 dens
1321 2719 1529 2780 menducium
1558 2729 1625 2794 est,
1654 2730 1693 2778 ut
1721 2729 1806 2778 teste
1832 2728 1961 2778 curent.

408 2817 551 2900 primum
588 2819 753 2882 mentione
789 2817 952 2902 Pbrygiae
985 2817 1153 2896 Kaboura,
1211 2818 1308 2887 Vnde
1330 2829 1379 2881 tot
1401 2837 1517 2882 eorum
1542 2816 1682 2886 lites2de
1703 2819 1781 2884 Iove
1803 2829 1858 2880 aut
1878 2819 1964 2881 Bac·
2097 2883 2098 2912 Ξ

408 2937 484 2981 nam
505 2917 581 2982 huic
602 2921 768 3005 Apameae
798 2919 877 2982 olim
893 2919 1008 2982 'fuisse
1036 2939 1159 2984 nomen
1215 2921 1280 2984 cbo
1301 2919 1388 3004 apud
1409 2940 1444 2983 se
1466 2919 1550 2984 natis
1571 2919 1778 2996 educatisve,
1801 2917 1843 2982 de
1865 2920 1959 2994 loco,

413 3021 593 3098 Celaenus,
621 3022 898 3106 supradiximus,
928 3019 1047 3085 deinde
1068 3042 1160 3084 men·
1214 3021 1248 3084 iu
1271 3043 1368 3106 quem
1389 3021 1571 3084 Palladium
1597 3026 1689 3104 capta
1712 3020 1813 3104 Troja
1840 3020 1963 3104 migra·

408 3120 499 3184 tione
539 3125 686 3205 Marsyae
725 3121 890 3201 fluminis,
926 3124 979 3186 cui
1002 3119 1158 3208 'Apamea
1215 3125 1279 3200 vit,
1308 3121 1350 3188 de
1368 3125 1508 3188 Homeri
1525 3121 1701 3198 natalibus,
1729 3135 1765 3185 et
1783 3134 1963 3185 sexcentae

406 3220 530 3298 adsita,
561 3221 703 3306 denique
733 3236 767 3288 et
793 3223 951 3289 advocato
973 3240 1156 3309 opportune
1209 3227 1318 3303 aliae,
1349 3226 1487 3310 singulis
1516 3222 1651 3288 urbibus
1679 3223 1838 3307 privatam
1869 3243 1962 3286 snare

404 3323 570 3387 uocabulo
592 3333 735 3403 κιβωτος,
757 3325 846 3410 qaod
866 3325 945 3388 item
969 3339 1060 3390 tetus
1078 3327 1156 3410 luis·
1212 3327 1330 3392 lamam
1350 3327 1560 3410 jactantibus,
1589 3345 1688 3402 vere,
1718 3347 1759 3388 an
1777 3325 1878 3402 falso,
1903 3343 1963 3388 no·

409 3443 447 3486 se
477 3425 551 3488 urbi
577 3447 699 3492 nomen
725 3425 920 3491 monuimus.
963 3427 1043 3490 Cum
1072 3449 1154 3510 ergo
1210 3442 1277 3492 stra
1295 3451 1408 3513 parum
1426 3430 1564 3493 intersit.
1593 3431 1630 3490 In
1650 3448 1688 3492 re
1709 3428 1797 3490 enim
1816 3427 1963 3512 antiqua-

409 3539 504 3590 retus
537 3527 622 3590 lama
660 3527 855 3606 obtinuerit,
897 3547 1004 3594 arcam
1032 3527 1155 3594 diluvio
1211 3531 1275 3606 ria,
1296 3531 1561 3616 explicandisque
1576 3529 1795 3593 monumentis
1811 3549 1878 3592 non
1895 3549 1962 3591 ma·

408 3626 552 3710 elapsam
568 3627 654 3712 apud
670 3629 752 3691 banc
768 3629 945 3712 Apameam
963 3629 1154 3708 substitisse,
1210 3633 1263 3717 git
1278 3633 1461 3717 quaeritur,
1483 3631 1561 3717 quid
1581 3651 1716 3710 verum,
1739 3644 1793 3695 aut
1811 3651 1958 3695 cummu-

409 3739 505 3810 atque
535 3729 599 3792 boc
628 3730 785 3796 diluvium
814 3731 857 3794 sit
884 3731 1018 3808 Noemi,
1048 3731 1154 3816 sequi·
1208 3735 1296 3798 niter
1311 3745 1492 3817 receptum,
1508 3755 1604 3818 quam
1619 3733 1698 3818 quid
1714 3733 1867 3817 privatim
1880 3754 1962 3818 qua·

409 3841 464 3892 tur
485 3829 602 3906 etiam,
633 3831 825 3915 Apamenais
847 3831 943 3916 bajas
964 3833 1054 3898 numi
1075 3847 1153 3918 typo
1210 3835 1363 3920 licnnque
1389 3835 1776 3902 auctoritatecreditum.
1809 3834 1964 3929 Quapro·
2048 3919 2057 3928 .

409 3928 660 4012 intelligendum
677 3934 905 4016 cataclysmum
920 3936 1152 4012 Noemiticnm,
1209 3951 1284 4020 pter
1297 3937 1326 3999 ai
1340 3930 1541 4022 Apamenaes
1555 3936 1654 4000 iidem
1670 3937 1816 4001 habuere
1830 3935 1962 4000 rumori
1980 3995 1984 4004 Δ

407 4033 464 4116 qui
479 4033 635 4114 privatim
658 4033 698 4096 ad
720 4056 755 4098 se
777 4036 951 4120 pertinuit,
975 4057 1042 4100 nou
1064 4037 1153 4100 Deu·
1209 4039 1251 4102 de
1270 4059 1347 4102 arca
1364 4037 1451 4124 apud
1469 4023 1506 4104 se
1524 4038 1675 4124 adpulsa,
1703 4041 1841 4124 ejusque
1862 4059 1961 4122 argu·

407 4131 609 4212 calioncum,
641 4137 732 4217 eujus
758 4137 793 4198 in
819 4131 950 4201 monela
971 4145 1152 4203 memoran-
1208 4153 1354 4205 mentum
1378 4140 1523 4205 intulere
1547 4142 1672 4218 numia,
1696 4140 1828 4206 easdem
1855 4159 1960 4222 egere

407 4231 441 4294 di
482 4253 610 4300 cauam
645 4238 861 4321 propinquam
893 4247 959 4302 nun
993 4239 1150 4304 habuere.
1208 4263 1327 4327 nugas,
1353 4263 1432 4328 quas
1456 4257 1505 4307 tot
1527 4244 1601 4320 alii,
1626 4243 1807 4307 claritatem
1833 4241 1899 4304 sibi
1919 4239 1960 4304 ab

407 4336 509 4414 Nolo,
539 4333 618 4406 mibi
640 4337 711 4422 quia
734 4339 893 4403 infirmam
916 4340 1150 4422 Sibyllinorum
1207 4345 1328 4428 insigni
1346 4347 1455 4431 aliquo
1474 4346 1596 4411 veteris
1620 4347 1692 4410 aevi
1718 4357 1840 4410 eventu
1861 4363 1961 4428 quae·

407 4433 509 4502 iidem
538 4437 686 4522 objiciat,
727 4459 820 4524 quam
857 4443 942 4520 scic,
981 4463 1076 4527 quam
1109 4445 1151 4508 sit
1207 4461 1330 4524 rentes,
1350 4447 1697 4531 atquentlitemeum
1708 4447 1961 4530 Graeciaepro·

408 4540 544 4623 exigua,
578 4561 687 4626 neque
722 4543 809 4606 enim
843 4543 1020 4608 certiorem
1055 4566 1149 4610 eausa
1206 4549 1297 4632 priae
1314 4547 1431 4612 incolis
1449 4551 1683 4626 amolirentur,
1711 4549 1767 4634 qui
1782 4549 1961 4612 Deucalio-

412 4675 1956 4708 ----·---------—-----.--.----

445 4745 475 4812 a>
495 4745 619 4806 utut
632 4721 717 4815 'aas
