4160 5454
631 505 824 624 REGEQ
843 508 1084 620 psiatho.
1558 531 1629 598 223

158 675 254 741 Filios
271 672 387 738 hahuit
404 672 610 738 Antiochum
630 679 672 742 V.
693 688 727 740 et
747 676 830 740 Ale·
886 699 1015 766 quoque
1031 679 1195 746 Antiocho
1213 683 1269 752 Ν.
1285 680 1493 746 tribuendum
1510 683 1626 749 videri.

103 781 251 847 cordum
268 777 318 854 Ι.,
344 776 407 842 etsi
422 774 463 839 de
477 775 662 860 posteriore
680 776 744 844 hoc
762 800 829 849 non
873 782 1041 860 ,Ceterum
1062 795 1130 844 tom
1144 773 1275 848 ‘tantum
1301 769 1489 848 in'urbium
1512 785 1624 867 Syriae

104 879 167 948 tetis
183 886 319 944 constet.
710 947 713 956 ,
882 884 991 958 onmis
1006 897 1105 968 ‚eaput
1123 885 1252 970 regium
1268 888 1479 971 proponitur,
1494 885 1625 971 'quando
1734 957 1738 965 ¹

882 1003 1028 1054 coronae
1056 985 1199 1054 radiatae
1219 988 1365 1074 jungitur
1386 987 1550 1063 diadema,
1581 989 1627 1050 ni-

388 1117 533 1184 Numi:
884 1086 1004 1179 tnirum
1023 1086 1124 1152 radiis
1146 1089 1307 1154 honorem
1329 1090 1490 1166 divinum,
1519 1087 1626 1152 diade·

779 1199 787 1220 ·
886 1201 972 1252 mate
988 1192 1117 1273 regium
1130 1192 1356 1259 indicantibus.
1377 1193 1468 1256 Istud
1484 1213 1557 1258 oum
1574 1193 1627 1258 ab·

157 1287 257 1368 ceput
275 1287 370 1368 regis
393 1286 627 1350 diadematum.
658 1281 831 1352 effit-
887 1303 954 1366 eat,
977 1291 1041 1354 erit
1058 1308 1154 1378 eaput
1173 1295 1271 1360 sotis.
1541 1302 1546 1312 ’

102 1383 511 1454 ΛΕΩΣ.ΑΝΤΙΟΧΟΤ.
534 1390 687 1453 Victoria
700 1394 738 1452 irs
753 1395 832 1455 citis
951 1394 1078 1476 Typnm
1102 1416 1236 1460 aversae
1260 1395 1404 1460 libenter
1426 1415 1500 1460 eum
1521 1395 1628 1462 Frdli·

102 1493 186 1576 iigis·
204 1489 275 1554 ΔΕ.
291 1489 362 1562 ΙΙΙ.1
373 1489 474 1570 (teus.
493 1488 602 1571 Caes.)
887 1493 962 1557 chio
979 1495 1092 1560 refero
1109 1497 1150 1560 ed
1169 1497 1320 1560 ludorum
1340 1517 1407 1561 non
1424 1510 1488 1560 tem
1505 1499 1630 1584 magni·

152 1591 239 1654 Nono
255 1589 403 1674 primam
420 1589 511 1673 regis
526 1589 600 1674 Syri
617 1605 712 1675 eaput
728 1591 832 1657 radia·
887 1594 1067 1678 licentiam,
1096 1619 1158 1682 qun
1176 1619 1291 1666 omnes
1310 1613 1385 1662 ante
1405 1619 1441 1664 se
1459 1621 1557 1684 reges
1577 1622 1629 1662 su·

102 1691 324 1758 moremrit.
349 1689 429 1772 Ejus
447 1711 542 1755 eausa
557 1713 678 1757 nomen
696 1691 831 1772 etot,
884 1713 1077 1781 perureret,
1108 1720 1203 1782 quam
1224 1701 1397 1779 insaniam,
1427 1721 1540 1786 quam,
1566 1699 1629 1762 nisi

103 1793 177 1880 qnod
200 1793 307 1877 ipsum
336 1791 444 1854 numia
471 1793 664 1878 inscriptum
687 1816 764 1858 mox
784 1796 832 1858 in·
884 1797 1023 1878 faetidis,
1039 1799 1154 1886 legere
1164 1814 1260 1885 potes
1270 1801 1570 1884 npndAthenaeum
1584 1800 1629 1883 ¹³).
1728 1835 1731 1843 =

103 1895 258 1958 tuebimur.
296 1895 385 1958 Esse
407 1894 565 1960 radiatum
592 1897 689 1979 capnt
717 1895 833 1962 divini·
1250 1963 1270 2008 ι

103 1997 165 2062 tntis
183 1999 309 2082 signum
330 1997 396 2079 jam
412 1995 523 2068 docuit
537 1996 662 2060 Plinius
686 2000 736 2080 ¹):
766 1998 835 2062 Ho-
896 1991 899 1996 ’
1146 2011 1167 2054 e
1354 2017 1374 2056 s
1599 2047 1603 2064 .

105 2120 165 2162 ruer
189 2119 288 2160 uuum
320 2101 356 2162 si
380 2103 604 2180 praestitisset
630 2099 738 2176 alius,
776 2099 834 2162 itti
955 2101 1064 2184 Caput
1085 2109 1174 2186 regis
1193 2107 1430 2172 diadematum.
1459 2101 1632 2170 tetzt·

99 2201 158 2280 y'ass
178 2201 300 2262 dudum
321 2200 494 2261 radiatum
516 2213 632 2282 caput,
660 2211 696 2262 et
722 2203 833 2264 media
888 2197 1041 2269 ΛΕΩΣ,
1058 2203 1314 2272 ΑΝΤΙΟΧΟΤ.
1329 2198 1631 2270 ΕΠΙΦᾹΝΟΤΣ.

103 2303 178 2364 ister
197 2301 274 2364 deos
296 2301 396 2363 sedes
418 2319 500 2362 auro
522 2313 628 2364 staret
655 2313 715 2363 out
737 2302 833 2364 ebore
876 2306 1017 2387 'Apollo
1031 2308 1138 2368 nudus
1153 2309 1300 2369 cortinae
1316 2309 1464 2371 insideres
1474 2307 1632 2382 d.telum‚

102 2412 164 2463 etc:
181 2399 263 2468 Vide
287 2399 412 2478 etiam,
438 2403 521 2483 duae
548 2400 613 2465 hac
635 2401 834 2486 pertinentia
888 2428 917 2474 s.
935 2427 1060 2472 orcum.
1081 2406 1151 2472 tlt,
1168 2409 1223 2470 111.
1244 2409 1344 2489 (Mus.
1364 2408 1472 2490 Caes.)

103 2499 137 2562 nd
157 2521 266 2566 numos
294 2501 501 2566 Oetaeoresn
527 2503 717 2568 Thessaliae
744 2517 835 2567 note·
951 2495 1092 2569 Additur
1110 2528 1196 2570 nune
1215 2505 1312 2572 etiam
1330 2509 1442 2572 titulus
1458 2501 1633 2570 ΕΠΙΦΑ-

102 2601 201 2666 simne
242 2607 399 2667 Insanum
428 2605 515 2667 huno
541 2625 668 2668 morem
691 2605 833 2669 imitatus
886 2602 1021 2673 ΝΟΤΣ
1047 2607 1123 2674 heio
1148 2609 1222 2693 regi
1246 2630 1344 2694 saepe
1371 2609 1498 2674 deletus
1525 2621 1591 2670 tam
1614 2631 1635 2672 a

103 2701 206 2768 deinde
226 2719 279 2768 est
298 2692 386 2770 unos
403 2726 445 2768 ex
462 2707 604 2789 Aegypti
620 2701 772 2790 regibus,
799 2719 834 2769 st
888 2708 1012 2786 numia,
1030 2730 1125 2792 qoam
1139 2709 1314 2775 historicis.
1335 2711 1451 2774 Latine
1469 2723 1576 2774 vertas
1592 2709 1635 2772 il·

103 2805 236 2868 nonnulii
252 2805 311 2870 elii
323 2805 439 2891 Syriae
454 2827 563 2892 reges,
579 2821 614 2869 et
629 2809 743 2870 imitati
760 2818 834 2869 sunt
889 2813 1025 2887 lustris,
1047 2824 1101 2873 sut
1120 2810 1323 2875 commodius
1340 2799 1476 2876 nobilis.
1503 2809 1557 2874 sie
1578 2808 1635 2872 ubi

103 2906 187 2970 etiam
205 2909 365 2986 Bommi,
388 2908 444 2991 qui
464 2911 661 2993 Augustum,
688 2907 747 2972 sed
769 2907 834 2990 jam
889 2911 1181 2976 Macchabaeorum
1207 2915 1247 2980 L.
1260 2915 1301 2978 11.
1323 2933 1352 2977 e.
1364 2923 1394 2989 4.
1414 2933 1445 2977 v.
1457 2935 1489 2994 7.
1511 2911 1636 2996 legitur

104 3007 158 3070 vita
174 3007 343 3086 iunctum,
363 3007 521 3073 radiatum
537 3010 571 3071 in
588 2997 694 3072 nemis
714 3030 835 3094 prope·
891 3011 1027 3099 taneya
1043 3013 1214 3094 Easpursc,
1233 3015 1397 3098 interpres
1412 3011 1539 3076 reddit:
1562 3011 1636 3075 An·

105 3129 200 3176 suere.
237 3113 290 3174 Ex
317 3110 403 3176 viris
427 3111 549 3194 primus
570 3111 662 3174 Nero
691 3112 834 3176 radiatus
892 3117 1042 3193 tiochus,
1080 3118 1141 3194 oui
1168 3116 1364 3180 NOBILIS
1394 3114 1634 3198 appellabatur.

105 3224 268 3296 ωωριηι,
283 3213 344 3297 qna
358 3211 477 3275 aetnae
493 3213 608 3274 motin
621 3211 732 3316 regem
746 3213 833 3277 atita
869 3194 987 3280 'aare
1006 3216 1174 3282 nacerat.
1195 3217 1274 3282 1..1.
1294 3234 1384 3282 ara
1402 3237 1474 3302 v...
1504 3214 1635 3278 cerea

106 3311 238 3378 Adrano
259 3327 465 3398 praetereas
485 3313 758 3399 quemadmodum
783 3333 837 3378 re·
892 3319 979 3382 istud
1007 3331 1141 3402 apparet
1174 3339 1216 3381 ex
1245 3317 1471 3398 Philostorgio
1503 3336 1636 3379 narran-

104 3431 154 3494 ges
170 3415 279 3496 Syriae
301 3435 467 3498 nunquam
490 3428 586 3498 capnt
605 3415 765 3478 radiatum
780 3414 836 3479 ha·
892 3431 926 3482 te
942 3422 989 3502 c),
1014 3419 1137 3487 loriani
1153 3419 1238 3502 hug.
1251 3417 1362 3482 hlium
1378 3417 1500 3482 dietum
1517 3416 1638 3496 Euspe-

103 3513 171 3578 hert
187 3515 220 3578 in
238 3517 426 3602 argenteis,
453 3515 593 3599 demptis
609 3517 763 3580 Antiochi
778 3517 836 3600 Vi.
892 3542 1036 3599 separor,
1068 3521 1156 3608 qnod
1184 3541 1258 3586 esse
1288 3521 1333 3584 ait
1358 3519 1444 3602 spnd
1469 3521 1635 3582 Romanos

104 3617 207 3681 tertiae
227 3616 376 3694 iormae,
406 3615 466 3681 sed
486 3618 597 3682 aeneis
619 3631 756 3696 tantam,
789 3617 836 3682 sic
893 3645 943 3685 ror
958 3619 1199 3709 Notyhsccspos.
1223 3623 1334 3716 Quare
1349 3620 1494 3684 Licinias
1511 3616 1638 3682 Saloni·

106 3727 136 3778 et
158 3718 322 3804 principes
343 3720 482 3782 Romani
503 3721 569 3786 riri
595 3719 759 3804 usquead
781 3719 838 3783 de-
892 3745 954 3789 nas
974 3726 1122 3789 Romano
1151 3743 1244 3788 more
1272 3721 1376 3786 dictas
1399 3719 1637 3786 Nobilissimus

106 3817 216 3883 etiams
243 3815 419 3904 imperinm
441 3841 605 3905 nunqnam
633 3821 668 3882 in
695 3841 776 3885 auro
803 3835 837 3886 et
897 3826 1020 3888 Caesar
1040 3837 1133 3890 reete
1154 3824 1189 3886 in
1209 3844 1372 3888 marmore
1393 3821 1523 3885 Graeco
1550 3820 1637 3904 apud

105 3935 246 4002 argente,
275 3921 390 3984 sedin
411 3942 489 3986 aere
510 3935 634 3986 tantum
655 3921 749 4006 hune]
771 3923 839 3988 cnl·
895 3926 1052 4010 Sponinm
1075 3925 1195 3988 dicitur
1215 3916 1638 3990 ErtnlthNEzTAToZ

104 4031 164 4082 tom
179 4023 381 4106 praeierunt.
403 4027 440 4086 in
452 4025 607 4089 Romanis
622 4043 749 4088 oausam
762 4045 839 4108 pro·
894 4011 1075 4088 KA12A‘P
1090 4027 1132 4107 d).
1151 4029 1195 4090 Et
1210 4039 1260 4090 est
1274 4025 1327 4088 hie
1340 4021 1634 4088 tituinsnonmodo

103 4119 236 4190 habilem
245 4125 338 4190 daho
356 4126 397 4190 ad
410 4140 573 4190 monetam
590 4127 742 4204 Neronis,
757 4145 839 4212 quae
895 4129 930 4190 in
944 4127 1077 4214 regibus
1090 4127 1213 4214 Syriae,
1235 4125 1293 4190 sed
1308 4138 1342 4190 et
1356 4125 1508 4210 Aegypti,
1527 4125 1639 4207 Bithy·

104 4237 201 4288 tamen
216 4227 260 4292 nd
276 4229 427 4310 Syriacos
443 4229 555 4296 valere
574 4249 640 4292 non
661 4242 780 4312 potest.
801 4231 839 4290 tn
894 4228 978 4306 niae,
996 4231 1243 4315 Commagenes,
1257 4227 1410 4292 Parthiae
1428 4227 1551 4294 obrius.
1573 4229 1638 4288 An·

104 4329 200 4392 ramis
215 4329 371 4394 Antiochi
388 4332 429 4396 11.
451 4329 612 4415 descripsi
631 4351 779 4408 numum,
803 4331 838 4393 in
894 4323 1040 4396 tiochum
1067 4333 1123 4400 tv.
1151 4345 1287 4415 propter
1312 4341 1471 4414 perpetua
1494 4328 1637 4393 insaniae
1725 4375 1771 4390 .-

104 4447 162 4511 φο
184 4429 359 4496 exhibetur
379 4445 493 4518 capnt,
516 4431 569 4496 oni
590 4447 713 4497 astrum
733 4433 840 4496 immi·
895 4447 1086 4520 argumenta
1109 4455 1170 4520 pro
1192 4433 1353 4514 Επιφανης
1376 4419 1497 4497 dictum
1517 4429 1639 4513 Empu-

104 4541 164 4592 net.
199 4531 280 4593 Dixi
299 4531 345 4594 ibi
366 4547 478 4599 contra
496 4533 732 4614 Pellerinium,
762 4555 838 4600 eum
896 4559 961 4616 ιης,
983 4549 1120 4602 testatur
1138 4537 1328 4602 Athenaeus
1349 4535 1391 4616 θ).

136 4719 378 4815 ‘immenti
433 4737 469 4812 b)
487 4739 567 4808 Μ·
585 4755 743 4820 P·m.195·
800 4747 831 4818 c)
850 4742 976 4808 1..vt11.
992 4751 1053 4806 ee.
1111 4727 1411 4816 d),idiscell.p·355·
1467 4735 1498 4808 e)
1518 4731 1576 4793 he.
