4196 5458
405 509 515 584 ‘tte
673 553 674 556 ,
814 485 1633 568 NVMIPRINGIPVMIVDABAE.

448 686 582 733 numam
613 662 762 748 Traiani,
790 659 981 726 docentibus
1015 659 1080 724 hoe
1110 655 1192 722 reei-
1248 657 1507 736 ettam-nouis,
1528 659 1616 745 qued
1631 658 1820 724 Hebraico·
1835 662 1956 740 est,dn·

449 771 522 834 duis
538 768 642 832 literis
659 764 791 828 Latinis.
826 753 894 828 Alii
910 762 981 845 ejas
996 761 1190 850 impugnare
1248 761 1416 839 minatur,
1451 761 1631 846 imperator
1675 774 1819 825 extrusus
1855 767 1957 829 ceteris

449 869 573 936 cimelii
601 867 725 946 iidem,
758 866 814 930 alii
842 863 1037 941 adfirmare,
1056 863 1192 932 additas
1248 861 1329 946 juris
1351 883 1417 924 non
1438 863 1557 942 habet,
1587 861 1684 948 quocl
1698 863 1857 940 ostendet,
1882 885 1959 948 prae·

448 969 607 1056 scalpello
640 987 702 1054 per
729 965 878 1030 &audem
907 964 1020 1030 literas
1049 965 1191 1043 Latinas,
1251 974 1305 1024 ter
1324 962 1510 1028 residuas
1500 985 1534 1028 ιι
1556 985 1614 1030 era
1642 964 1770 1042 literas,
1798 979 1830 1027 et
1855 965 1960 1051 lugien-

449 1075 527 1152 alii,
563 1091 681 1138 noram
711 1069 844 1152 Trajani
881 1067 1052 1134 matricem
1088 1067 1193 1134 reteri
1249 1063 1294 1126 tia
1333 1066 1461 1148 augusti
1498 1065 1612 1148 eapitis
1649 1067 1848 1131 lineamenta.
1884 1069 1960 1134 atto

448 1173 613 1240 Simeonis
634 1191 735 1236 numo
757 1185 884 1234 temere
905 1171 1119 1256 impressam,
1138 1169 1195 1234 alii
1250 1180 1478 1250 argumentum
1512 1165 1602 1230 aliud
1632 1186 1675 1230 ex
1704 1189 1790 1253 penu
1817 1171 1961 1235 numisma

450 1275 674 1342 recentiorem
696 1293 768 1338 esee
791 1272 953 1336 Simeonis
973 1274 1141 1338 matricem
1160 1287 1195 1336 et
1249 1266 1313 1330 tica
1343 1267 1584 1352 depromptum.
1625 1269 1727 1332 Sim
1756 1291 1849 1334 numo
1875 1275 1961 1356 primo

450 1377 584 1461 Traiani
613 1395 714 1440 numo
745 1373 1010 1460 superinductam
1042 1375 1194 1454 credere,
1249 1368 1398 1434 novicius
1433 1369 1603 1434 character
1639 1384 1691 1434 est
1722 1373 1846 1454 Traiani
1878 1375 1969 1438 reteri

449 1500 533 1566 quae
555 1491 720 1564 postrema
741 1476 901 1540 sententia
923 1497 997 1542 cum
1025 1477 1194 1544 adrideret
1252 1461 1416 1535 Simeonis
1431 1471 1643 1536 macchabaei
1660 1472 1828 1554 inductus,
1841 1476 1891 1539 ubi
1904 1499 1964 1561 gen·

450 1582 549 1647 etiam
581 1578 713 1644 erudito
733 1577 907 1658 Henrion,
936 1577 1091 1644 adserere
1126 1601 1194 1643 non
1251 1574 1332 1638 tium
1367 1587 1548 1638 statuemus
1583 1575 1671 1640 hunc
1704 1575 1859 1661 signatum
1889 1577 1964 1642 dena·

452 1683 629 1761 dubitavit,
656 1701 773 1744 numos
799 1679 981 1744 Hebraicos
1009 1702 1123 1746 omnes
1145 1681 1196 1744 Si·
1252 1679 1375 1742 rium?
1383 1678 1573 1741 Romaene?
1587 1690 1635 1742 at
1657 1679 1731 1762 quis
1752 1680 1875 1758 credat,
1896 1696 1964 1745 vete·

450 1787 579 1852 menuis
607 1783 741 1848 nomine
770 1783 916 1866 insigues
947 1804 1013 1848 non
1042 1806 1115 1848 esse
1147 1784 1196 1846 Si·
1252 1799 1324 1843 rem
1346 1779 1555 1850 Macchabeei
1575 1801 1711 1844 numum
1734 1797 1787 1846 ant
1812 1785 1845 1844 in
1872 1782 1964 1846 urbem

450 1889 578 1956 meanis
596 1883 825 1962 Macchabaei,
856 1885 913 1970 qui
940 1885 1065 1970 aliquot
1085 1905 1198 1952 saecu·
1254 1883 1412 1958 evasisse,
1439 1894 1495 1944 ant
1515 1895 1580 1944 tam
1603 1881 1800 1949 oscitantes
1797 1885 1892 1948 luisse
1909 1885 1965 1946 illu·

451 1993 494 2054 lis
516 1989 690 2072 Traianum
720 1989 920 2072 praecessit,
949 1989 1009 2052 sed
1032 1989 1198 2054 Simeonis
1255 1985 1330 2050 stris
1351 1985 1423 2068 ejus
1451 1983 1583 2068 imperii
1604 1987 1828 2064 monetarios,
1856 1999 1887 2050 ιιι
1904 2007 1966 2050 ιιι·

449 2089 702 2165 Barchoeebae,
734 2089 790 2173 qui
819 2090 1002 2174 imperante
1030 2091 1200 2156 Hadriano
1255 2109 1323 2152 sam
1344 2087 1413 2170 jam
1430 2085 1585 2170 signatam
1609 2089 1765 2153 mallno'
1755 2103 1866 2154 aterum
1892 2087 1967 2170 subji-

452 2195 630 2279 popularce
651 2191 792 2256 ludaeos
819 2192 860 2256 ad
881 2192 1114 2258 excutiendum
1133 2195 1200 2256 Ro·
1256 2189 1401 2254 nerent?
1428 2189 1481 2250 An
1504 2189 1610 2254 ioris?
1632 2195 1676 2253 At
1700 2213 1741 2257 ea
1761 2205 1858 2256 aetate
1878 2209 1965 2254 none

453 2316 625 2362 manorum
655 2296 769 2381 jugum
800 2293 987 2358 cohortatus
1017 2293 1201 2379 gravissimi
1256 2306 1308 2356 tae
1336 2291 1502 2354 Romanae
1544 2289 1740 2360 officinam.
1757 2309 1843 2358 extra
1877 2285 1972 2356 urbem¹

457 2401 529 2484 ejus
551 2395 633 2462 belli
665 2409 780 2462 auctor
807 2397 956 2475 exstitit,
986 2410 1082 2483 atque
1115 2395 1203 2460 ittucl
1259 2417 1325 2460 non
1351 2393 1439 2458 novi.
1479 2395 1543 2471 at,
1570 2394 1725 2480 inquies,
1748 2397 1891 2480 Traianus
1916 2394 1968 2457 hel-

457 2513 548 2566 tanto
569 2499 677 2568 rideri
698 2498 842 2578 certius,
871 2499 945 2582 quin
968 2499 1146 2584 Beanagins
1162 2500 1204 2582 ·,)
1260 2499 1328 2562 lum
1351 2495 1452 2582 gessit
1473 2495 1507 2558 in
1528 2496 1691 2574 Oriente,
1715 2497 1810 2562 facile
1829 2515 1899 2582 ergo
1918 2514 1970 2555 mo

458 2601 624 2686 aliique'
614 2622 648 2662 ιι
671 2614 821 2665 veterum
851 2599 1046 2664 ludaeorum
1073 2601 1206 2684 scriptis
1261 2599 1396 2676 notarii,
1419 2599 1474 2682 qui
1491 2611 1596 2662 castra
1616 2601 1852 2685 sequebantur,
1871 2619 1931 2662 cum
1946 2617 1971 2656 ιι

457 2696 666 2786 repererunt,
676 2701 922 2766 Barchooebam
936 2703 1069 2768 nomine
1083 2723 1142 2768 suo
1156 2703 1206 2768 fe·
1264 2703 1356 2787 Syria
1371 2701 1523 2766 incudem
1539 2715 1757 2780 exercerent,
1771 2700 1917 2766 Simeonis
1929 2719 1972 2758 no·

459 2803 597 2868 riunclos
617 2825 734 2868 numos
756 2823 898 2868 curasse.
1262 2827 1371 2882 mum,
1386 2823 1499 2888 quem
1528 2818 1666 2887 propter
1696 2805 1832 2868 Iudaeae
1852 2803 1972 2871 viciniam

521 2907 628 2970 Nemo
657 2927 726 2970 non
752 2905 863 2983 videt,
894 2905 945 2970 rei
975 2929 1133 2972 summam
1164 2927 1205 2970 eo
1263 2907 1304 2969 ad
1333 2927 1462 2970 manum
1493 2904 1677 2983 habebant,
1712 2919 1879 2993 potuerunt
1903 2921 1972 2964 recu

459 3007 544 3087 niti,
573 3021 610 3072 ut
637 3008 721 3072 certi
753 3006 931 3072 reddamur
968 3007 1131 3096 denique,
1166 3009 1210 3074 ιιι
1264 3007 1356 3073 clere.
1379 3007 1505 3076 Verum
1522 3027 1630 3092 neque
1645 3007 1736 3073 istud
1751 3023 1853 3094 potest
1867 3005 1972 3076 admito

464 3131 562 3194 quem
589 3110 738 3176 novicius
763 3109 935 3174 character
957 3113 1138 3194 pertineat,
1166 3111 1207 3174 ad
1263 3131 1338 3172 nam
1370 3109 1562 3194 inscriptum
1601 3109 1789 3176 OPTIMO.
1820 3107 1972 3172 Pillll'Clll
2051 3107 2052 3136 ι

463 3213 653 3276 Simeonem
677 3210 938 3298 qualemcunque
967 3235 1067 3277 numo
1094 3215 1208 3278 inscri-
1264 3214 1341 3277 satis
1363 3213 1503 3290 evincit,
1536 3212 1710 3276 denarium
1731 3215 1815 3278 launo
1835 3214 1974 3297 signatum,
2051 3237 2052 3292 ;

463 3327 576 3400 ptum,
596 3335 637 3378 an
654 3312 839 3396 Trajanum.
867 3313 930 3396 Ajo
949 3314 990 3378 ad
1009 3317 1208 3394 Simeonem,
1266 3329 1438 3400 antequam
1470 3314 1505 3375 in
1533 3314 1739 3379 Orientem
1730 3313 2052 3401 proficisceretur

467 3437 531 3502 qua
562 3417 595 3479 in
627 3416 787 3478 sententia
821 3411 918 3479 tacita
951 3417 1032 3480 milti
1069 3439 1143 3483 cnm
1167 3421 1209 3484 cl
1268 3417 1445 3500 Traianus,
1467 3429 1504 3478 ut
1520 3415 1747 3483 docebimus·
1736 3441 1769 3480 an
1784 3433 1902 3482 moneta
1917 3418 1977 3475 Tro·

344 3521 356 3540 ⁰
468 3521 619 3583 Henrion
643 3517 807 3581 convenit.
846 3517 1059 3586 Enimuero'
1048 3543 1083 3582 ιιι
1105 3521 1211 3584 numis
1267 3519 1353 3604 jani,
1394 3531 1428 3581 et
1458 3519 1547 3604 quod
1579 3521 1750 3606 seqnitur,
1779 3541 1900 3583 numum
1922 3513 1977 3578 urbi

467 3621 502 3684 id
517 3638 621 3704 genus
633 3619 758 3682 ιοοιιιιι
770 3617 887 3682 illum
876 3640 949 3702 pure
964 3623 1108 3688 censebo
1122 3623 1213 3686 nori·
1268 3621 1392 3685 natales
1410 3641 1487 3684 euos
1505 3621 1642 3688 debere.
1675 3625 1753 3686 Non
1770 3623 1842 3684 satie
1857 3622 1926 3683 haec
1942 3639 1977 3679 ιι·

470 3721 554 3785 cium
573 3719 814 3798 characterem,
835 3721 927 3804 cujus
944 3723 1086 3808 signsin
1105 3725 1213 3794 mealia
1271 3737 1424 3808 gumenta
1465 3725 1552 3807 apud
1596 3722 1740 3786 animum
1772 3735 1923 3786 versamnt
1948 3717 1977 3789 ἰὶι

470 3822 562 3886 numi
582 3842 658 3884 area
675 3837 750 3886 sunt
767 3822 987 3902 evidentiora,
1012 3841 1044 3890 at
1065 3841 1213 3892 veterem
1271 3826 1327 3910 qui
1359 3825 1490 3908 'l'rajani
1524 3839 1680 3912 χιςιιγμιι
1702 3839 1819 3890 aetate
1847 3819 1977 3908 posterius

472 3923 701 4002 dicentium,
723 3925 815 4008 cujus
832 3925 924 4010 signa
938 3927 1011 3994 fere
1028 3927 1192 3994 abolita'
1167 3951 1215 3993 sac
1272 3927 1496 3993 crediderunt
1555 3929 1623 3991 Sed
1664 3928 1753 3990 enim
1790 3927 1978 4010 qualecunque
2051 3925 2052 3984 l

472 4037 597 4090 tautum
616 4025 798 4104 tralucent,
819 4042 854 4090 nt
875 4051 937 4112 per
961 4030 1096 4126 spiceam
1115 4029 1216 4096 nebu·
1271 4029 1359 4094 istud
1397 4028 1556 4114 effugium
1593 4030 1717 4114 placuit
1745 4029 1889 4103 eruditis,
1913 4021 1980 4110 qaod
2051 4013 2052 4048 ¹

473 4131 539 4192 lam
559 4127 628 4205 sol,
650 4129 806 4213 cujusque
827 4130 952 4215 aliquot
972 4133 1077 4195 solnm
1100 4133 1215 4196 literae
1275 4133 1384 4197 omnia
1416 4131 1478 4195 alia
1513 4131 1701 4208 malebant,
1738 4155 1831 4216 quam
1856 4131 1980 4214 signatam

474 4233 609 4296 illaesae
626 4251 823 4295 manserem
837 4255 926 4296 numu
942 4255 1107 4318 margunc
1122 4256 1219 4320 quor·
1277 4235 1440 4298 Simeonis
1477 4234 1611 4297 nomine
1642 4255 1681 4298 ea
1713 4249 1817 4298 aetate
1849 4241 1981 4294 monetam
2051 4245 2052 4324 ι

477 4353 549 4394 eum
563 4331 679 4394 matrix
696 4351 813 4396 recens
831 4334 871 4397 ab
886 4337 1138 4402 exstantioribus
1153 4359 1222 4402 nne·
1276 4357 1468 4422 agnoscere.
1492 4337 1618 4400 Tamen
1635 4349 1783 4423 veteram
1799 4333 1914 4416 Trajani
1928 4329 1983 4393 cha·
2051 4373 2052 4382 ι

478 4433 540 4496 diis
562 4435 652 4496 numi
673 4434 818 4516 partibus
845 4435 1001 4521 impedita
1028 4440 1231 4526 pertingere·
1277 4453 1441 4504 rectorem
1460 4439 1494 4500 in
1519 4459 1580 4501 suo
1604 4440 1734 4524 agnouit
1755 4437 1910 4510 Weidius,
1933 4449 1982 4491 non

325 4541 328 4550 ·
430 4632 435 4640 .
479 4553 545 4596 non
575 4535 691 4619 potuit.
733 4536 813 4599 Δι
803 4557 837 4598 ιι
859 4539 1008 4603 omnibus
1036 4541 1107 4620 hia,
1138 4565 1222 4627 quos
1279 4563 1374 4606 auena
1412 4554 1464 4620 est
1497 4555 1612 4625 aperte
1644 4561 1767 4625 negare
1793 4537 1933 4620 Bayerius
1952 4532 1982 4610 a),
