4196 5458
477 527 551 606 stt
688 519 692 524 ’
1085 501 1403 586 ,inormem

473 681 642 762 TARZ„
661 679 697 744 id¹
714 691 784 746 ests
813 679 962 764 vapiter
982 677 1169 756 Tarsensis,
1190 691 1225 742 et
1279 679 1323 742 As
1339 676 1420 740 mihi
1437 675 1465 740 si
1483 673 1655 762 aliquande
1672 673 1805 754 liberet,
1829 677 1889 742 hus
1905 695 1977 764 parts

483 787 518 850 in
544 805 678 852 aversas
712 779 972 846 MIZZERAG.
1000 775 1154 846 MVTH.
1181 781 1223 842 nb
1275 793 1453 846 numerum
1479 791 1629 845 veterum
1654 773 1803 842 dillieiles
1824 777 1916 843 nudos
1939 805 1979 846 er·
2056 801 2057 830 l

482 887 697 970 implessendo
714 905 811 960 mers,
828 895 864 946 ut
878 881 983 947 risum
998 880 1168 944 suintune
1183 879 1224 960 ⁸),
1278 865 1421 973 pliesre,
1449 877 1592 962 lapidem
1613 892 1680 942 tum
1697 879 1777 942 mihi
1796 881 1979 966 sephronius·

483 990 516 1052 in
533 987 653 1063 meris,
677 1006 715 1050 se
735 983 872 1048 ludicris
895 981 1093 1065 conjecturis
1113 993 1225 1066 putan-
1279 1006 1352 1050 rem
1370 983 1468 1052 selim
1488 1001 1563 1046 esse
1583 980 1769 1066 propitium.

482 1091 570 1157 dum.
592 1089 677 1152 Sane
689 1083 1133 1167 confiteturBartheleruyus,
1148 1103 1223 1148 eum
1506 1097 1510 1110 ·

482 1194 614 1275 lengum
641 1189 693 1253 his
722 1187 831 1252 literis
855 1185 1063 1252 resolvendis
1089 1205 1234 1271 speram.
1626 1233 1671 1295 m

484 1291 647 1370 dedisset,
674 1289 757 1354 nihil
779 1288 921 1374 denique
943 1287 1127 1372 reperisse,
1158 1305 1224 1372 que
1401 1373 1404 1380 Ι
1674 1277 1682 1297 ’
1926 1353 1930 1360 ,

483 1393 546 1480 sibi
566 1391 764 1458 satisfactum
783 1390 952 1457 videretur
972 1387 1016 1470 ¹³),
1269 1385 1272 1392 ’
1329 1462 1333 1468 ¹
1368 1402 1480 1474 Nvffl
1509 1397 1919 1473 va1co.pflossth11

475 1557 477 1562 ,
544 1497 582 1556 ln
597 1513 698 1557 numu
712 1497 754 1560 ll.
769 1491 894 1576 aiebam
908 1489 998 1556 naris
1014 1509 1144 1572 proram
1158 1491 1223 1574 jans

481 1609 577 1681 eaput
594 1596 725 1675 arietis,
745 1595 808 1677 jam
829 1593 905 1680 equi
922 1591 1126 1676 promittere.
1158 1591 1225 1654 Ad·

479 1713 593 1764 monet
609 1719 662 1762 me
681 1697 768 1762 istud
789 1697 875 1780 ejus,
904 1693 991 1778 quad
1010 1707 1117 1758 narrat
1137 1693 1226 1758 Stru·
1432 1695 1590 1784 510ηο
1604 1747 1618 1762 .
1630 1709 1863 1780 momen,
1891 1765 1896 1772 ¹

478 1801 523 1865 bo
546 1803 592 1886 c),
630 1799 805 1864 Gaditanus
834 1796 957 1860 hubere
987 1815 1107 1871 naves,
1143 1815 1222 1879 quas
1835 1815 1839 1822 ·

478 1923 579 1984 equos
599 1901 783 1986 appellunt,
813 1917 971 1982 aptasse
994 1895 1121 1962 seilicet
1148 1895 1223 1958 insi·
1342 1895 1527 1962 Phoenices
1539 1899 1629 1982 Tyro
1645 1897 1813 1984 profectos
1827 1919 1980 1985 quassaque

479 2003 615 2090 guihus,
635 2001 693 2066 sisse
710 2021 767 2063 rsus
782 1997 813 2062 s'r
829 2021 898 2072 ταις
916 2017 1045 2078 seuguer
1059 1993 1223 2081 ἕπισῃμω»,
1280 2016 1339 2060 seu
1362 1997 1464 2076 dues,
1495 2019 1555 2063 seu
1575 2019 1660 2066 sevo
1682 1999 1832 2065 fundasse
1849 2001 1980 2088 ,enshgt

478 2119 514 2168 nt
542 2105 644 2170 fuisse
671 2123 771 2168 usses
792 2101 948 2184 Libycas,
979 2119 1061 2184 quae
1085 2109 1223 2182 propter
1278 2118 1373 2192 uem,
1389 2098 1475 2162 inter
1490 2119 1604 2166 omues
1619 2113 1759 2168 constet.
1779 2103 1830 2164 Ex
1843 2105 1981 2180 Phoenice,

478 2205 616 2282 eandem
639 2225 767 2270 erasnm
793 2187 938 2277 uriitss,
967 2213 1001 2264 et
1022 2202 1109 2264 hirei
1130 2219 1222 2264 suau-
1277 2220 1336 2264 seu
1366 2203 1507 2268 Poenius
1535 2216 1670 2267 enatum
1699 2215 1751 2266 est
1778 2205 1896 2266 Poenus
1918 2203 1981 2268 Lati·

477 2307 615 2386 hsntnr,
638 2319 777 2372 testatur
792 2305 891 2384 lulius
907 2303 1026 2366 Pollux
1048 2295 1092 2382 d).
1123 2299 1220 2378 Vide,
1275 2303 1327 2365 nis
1347 2303 1514 2381 usitatum,
1537 2305 1593 2387 qui
1614 2303 1820 2390 diphthongo
1840 2302 1895 2368 ou
1912 2324 1980 2370 mute

478 2431 561 2495 quae
580 2409 621 2473 de
636 2409 687 2471 his
707 2407 836 2472 uarium
853 2405 1034 2489 insignibus
1049 2401 1111 2466 ulia
1127 2401 1220 2467 attuli
1276 2425 1336 2467 suu
1361 2404 1395 2464 in
1418 2405 1448 2474 V
1468 2418 1590 2470 mutata
1617 2405 1774 2470 dixerunt
1801 2397 1889 2470 etiam
1908 2410 1981 2470 Puni·
2056 2439 2057 2466 s

477 2511 510 2576 ta
528 2511 636 2574 nnmis
652 2508 835 2574 Phaselidis
851 2508 985 2590 Lyciae.
1276 2525 1349 2581 eus,
1371 2519 1408 2567 ut
1423 2505 1620 2572 advertimus
1638 2507 1675 2568 in
1691 2505 1796 2569 nnmis
1814 2507 1892 2589 Tyri
1911 2507 1980 2582 css,

478 2671 483 2678 .
538 2611 656 2688 Numi,
686 2631 767 2695 quus
788 2607 848 2672 sub
869 2610 933 2672 hue
955 2608 1095 2670 articula
1123 2605 1217 2685 dedi,
1276 2605 1332 2691 qui
1352 2607 1442 2670 numi
1461 2608 1501 2670 ab
1520 2609 1591 2672 aliis
1611 2607 1803 2691 Carthagini
1820 2608 1979 2683 tribuantur,

387 2789 392 2799 Ι
475 2716 567 2797 eujus
585 2713 649 2774 sint
666 2711 759 2773 urbis
773 2709 921 2794 putendi,
941 2710 1004 2772 etsi
1020 2707 1062 2769 de
1078 2709 1217 2792 regione
1276 2725 1334 2772 eos
1351 2708 1406 2770 alii
1422 2711 1510 2773 inter
1524 2729 1642 2774 numus
1659 2733 1678 2772 a
1695 2709 1816 2774 Poenis
1832 2710 1863 2770 in
1878 2707 1979 2771 siclin

475 2815 551 2892 ¹satis
569 2825 711 2888 cunstat,
736 2811 892 2875 hactenns
905 2811 995 2874 nulla
1012 2823 1103 2874 certa
1119 2810 1218 2874 ratin-
1275 2804 1410 2874 urbibus
1431 2812 1573 2897 signatos
1593 2809 1765 2888 referant,
1795 2823 1979 2896 nequeunte

474 2933 516 2976 ne
534 2913 703 2978 delinitum
717 2927 778 2980 est.
802 2913 913 3008 Quare
929 2926 963 2976 et
977 2932 1052 2996 ego,
1072 2931 1145 2975 eum
1163 2933 1219 2976 eo·
1274 2925 1422 2992 constes,
1451 2913 1549 2998 npnd·
1568 2913 1869 2998 Carthaginienses,
1899 2933 1980 2998 qusn·

474 3039 547 3086 rum
568 3018 746 3101 plerusque
770 3015 848 3078 olim
869 3015 903 3076 in
925 3015 1006 3076 meis
1028 3013 1145 3076 Numis
1163 3033 1218 3077 ve·
1275 3015 1331 3076 diu
1358 3014 1408 3078 sui
1437 3013 1518 3096 juris
1545 3013 1663 3092 suere,
1695 3027 1843 3080 monetae
1868 3014 1982 3100 signstse

1625 1558 1682 1621 vel

364 3157 370 3172 ·
413 3199 417 3208 ,
473 3117 599 3182 teribus
616 3119 803 3198 vulgarem,
823 3115 914 3179 lesse
930 3116 1122 3179 sententiam
1141 3135 1218 3180 cen·
1274 3137 1368 3178 usum
1389 3115 1509 3193 inisse,
1540 3129 1596 3180 snt
1622 3119 1742 3182 saltem
1769 3116 1935 3200 ambigam
1951 3115 1981 3176 sit

475 3219 590 3286 rullius
624 3219 816 3284 detrectavi.
865 3216 970 3309 Quam
1004 3238 1130 3296 meam,
1169 3240 1217 3282 ss·
1273 3217 1361 3280 inter
1382 3230 1537 3302 utrasque
1560 3217 1759 3298 discrimen,
1790 3219 1879 3282 libuit
1901 3232 1981 3281 utres·

474 3323 687 3408 pientem,ut
701 3333 797 3404 pute,
815 3317 1027 3384 diffidentium
1041 3319 1140 3403 longe
1159 3319 1218 3380 im·
1273 3339 1338 3403 que
1359 3320 1394 3381 in
1414 3319 1552 3384 eandem
1578 3323 1718 3386 classem
1747 3321 1909 3406 conjicere.
1938 3319 1982 3380 Su·

473 3425 643 3510 probatam
669 3421 770 3484 fuisse
798 3407 928 3484 'eruditu
950 3421 1077 3495 cuidam
1099 3442 1218 3503 anony·
1272 3433 1385 3503 perest
1400 3441 1479 3492 sero
1493 3442 1669 3486 numerum
1683 3423 1800 3508 ingens
1813 3423 1905 3507 copis,
1920 3439 1981 3505 ques

475 3545 547 3604 sno,
574 3525 665 3588 disco
694 3543 736 3587 ex
765 3521 888 3588 libellis
916 3523 1131 3606 Lengniehii,
1161 3521 1218 3605 qni
1272 3536 1411 3607 propter
1431 3523 1542 3608 eperia
1563 3525 1790 3588 admirabilem
1810 3523 1980 3610 elegantiam,

474 3627 638 3714 prodeunt
654 3623 799 3688 Dantisei
818 3623 963 3708 praefixo
978 3625 1093 3686 titulo:
1109 3621 1217 3686 Naris·
1274 3637 1309 3688 et
1328 3645 1395 3688 nnn
1417 3646 1493 3690 rsro
1515 3637 1668 3709 typorum
1688 3625 1889 3691 concordiam
1907 3623 1980 3686 issils

475 3730 605 3794 rishten
631 3748 694 3790 zur
719 3728 871 3803 Bucher-
896 3729 965 3790 und
986 3723 1218 3800 Mnnztundc,
1276 3745 1350 3790 eum
1372 3725 1577 3804 Sicularum,
1606 3748 1645 3791 ae
1672 3727 1823 3812 privatim
1844 3727 1983 3810 Syracusa·

475 3830 509 3890 in
531 3850 669 3914 quorum
690 3829 858 3896 valamine
874 3829 916 3894 11.
937 3847 1051 3912 9³97·
1072 3825 1100 3889 is
1122 3823 1219 3888 binos
1274 3847 1391 3892 uorum
1409 3843 1541 3894 moneta
1557 3843 1837 3914 permutaremus,
1852 3828 1907 3890 uisi
1919 3821 1983 3886 istud

474 3951 611 4012 numos,
632 3953 713 4016 ques
734 3931 780 3993 ihi
801 3930 866 3995 tsb.
881 3929 970 3998 xv1.
991 3950 1023 3989 n.
1040 3935 1089 4004 ¹4·
1112 3938 1147 3990 et
1164 3945 1216 4008 17.
1272 3928 1447 4014 inscriptae
1479 3929 1596 3996 literne
1626 3931 1827 3996 Phoeniciae
1851 3937 1982 3994 vetarent.

474 4033 640 4120 stiterasu,
672 4033 707 4094 in
736 4031 892 4113 judiciam
921 4043 1074 4107 resonat,
1105 4029 1217 4112 explo-
1274 4030 1367 4124 Quae
1390 4052 1485 4095 sauss
1505 4031 1586 4110 init,
1615 4051 1674 4095 eur
1696 4031 1792 4110 inde,
1813 4053 1853 4096 ex
1873 4026 1983 4116 quassi

471 4148 609 4218 ratoque
636 4133 806 4197 literarum
826 4131 1079 4195 Phoeniciarum
1104 4132 1218 4194 valore
1273 4132 1518 4197 numismatinae
1549 4133 1691 4198 studium
1723 4133 1872 4198 intentius
1899 4125 1983 4196 extoli

474 4237 508 4298 in
523 4255 621 4297 namo
638 4235 754 4318 priora
768 4224 900 4298 ennli'eit
914 4231 1105 4297 vocabulum
1122 4241 1220 4336 1¹¹le
1274 4246 1326 4300 est
1346 4248 1517 4320 ereptam,
1545 4250 1672 4300 eertum
1694 4247 1875 4311 teneretur,
1897 4229 1926 4293 id
1942 4248 1984 4311 ga·

476 4336 651 4400 tribuendo
670 4336 754 4400 aden
770 4336 946 4397 Messenae
962 4333 1101 4416 Lydiae,
1126 4333 1161 4394 in
1173 4331 1220 4396 al·
1273 4355 1337 4398 nus
1352 4335 1470 4400 nanos
1487 4357 1583 4402 cusos
1600 4339 1634 4400 in
1652 4339 1784 4402 Siciliae
1798 4347 1899 4420 perte,
1920 4346 1983 4416 quat

476 4449 688 4526 ternmgy,
709 4436 848 4522 quierit
863 4435 1024 4498 Aerarius
1041 4435 1218 4518 Phrygiae.
1273 4436 1472 4524 aliquamdiu
1502 4437 1837 4526 ‘Carthaginiensibus
1882 4431 1983 4517 ptruits

509 4665 541 4735 s)
561 4663 638 4722 rhu.
654 4678 745 4722 uass.
760 4663 928 4723 vosnvsr.
943 4665 1050 4740 ares.
1144 4661 1179 4732 s)
1199 4661 1274 4720 nt.
1292 4641 1428 4722 um.
1444 4673 1550 4742 p-ns.
1565 4665 1596 4724 s,
1610 4676 1691 4724 nor..
1787 4663 1818 4736 c)
1834 4659 1866 4718 s,
1872 4656 1911 4718 11.
1919 4673 1944 4730 p.
1953 4671 1982 4708 m.

429 4843 432 4850 ῃ
475 4753 535 4814 ¹⁵6·
549 4751 583 4810 C.
675 4752 710 4824 d)
725 4751 837 4836 loiron.
853 4753 917 4813 lul.
934 4772 960 4812 c.
971 4751 1020 4812 IX·
1036 4761 1188 4854 segmsss.
