4286 5478
429 575 504 650 ιιι
777 553 927 635 urus
962 549 1303 632 rarucsrvu
1337 527 1632 630 svesata.

430 727 613 796 Archelaus
640 747 702 792 rex
730 739 835 806 esset,
866 723 1020 794 Herodes
1041 723 1176 810 Antipss
1233 735 1302 788 stoa
1319 721 1471 806 contigit,
1491 720 1675 786 decoratus.
1697 719 1765 786 Sed
1780 721 1874 786 nullo
1891 719 1982 785 istud

429 831 596 896 Galilaeae
619 819 801 908 tetrarcha,
834 827 1006 912 Philippus
1032 827 1176 891 Tracho·
1231 824 1443 888 laudamento
1474 823 1598 890 nititur.
1641 823 1744 886 Forte
1777 825 1893 888 verior
1927 837 1980 888 est

430 935 550 998 nitidos
572 935 622 1014 ¹),
660 925 750 1017 quod
783 943 889 996 retum
924 928 1036 996 habuit
1065 927 1177 1014 Augu·
1231 927 1420 1008 conjectura
1439 924 1601 1008 Scipionis
1620 924 1774 1008 Msffeji,·
1793 924 1980 988 existiman-

429 1049 517 1112 stus,
545 1035 608 1098 nisi
635 1033 724 1120 quod
745 1031 945 1096 Archelaum
973 1051 1041 1096 nou
1065 1031 1174 1114 regis,
1230 1029 1273 1092 tis
1295 1027 1345 1108 d)‚
1371 1039 1585 1091 memoratum
1607 1027 1640 1087 in
1662 1027 1726 1090 hoc
1749 1045 1848 1090 numo
1873 1027 1983 1091 Hero·

430 1136 706 1202 sedethnarchse
722 1131 855 1200 nomine
871 1151 1025 1220 praeesse
1039 1129 1177 1198 Iudaeae
1235 1127 1312 1193 dem
1351 1127 1562 1194 ethnareham
1597 1149 1671 1196 esse
1709 1128 1819 1212 potios
1855 1129 1982 1193 Arche·

429 1237 534 1306 voluit
555 1237 600 1322 b).
777 1253 782 1262 ·
1233 1227 1352 1309 leum,·
1382 1251 1499 1318 quem,
1542 1243 1577 1293 ut
1607 1249 1684 1292 mox
1713 1227 1873 1306 diximus,
1915 1227 1980 1296 hoe

1234 1332 1335 1396 luisse
1358 1331 1493 1396 honoris
1515 1329 1675 1398 vocabulo
1697 1331 1881 1414 praeditum
1902 1351 1980 1396 oon-

730 1471 883 1540 Nump,
1116 1457 1122 1466 ·
1165 1457 1169 1466 '
1234 1449 1307 1500 stat.
1335 1434 1416 1517 Ejus
1441 1433 1602 1518 opinionis
1625 1453 1719 1496 eausa
1740 1433 1894 1518 princeps
1918 1449 1980 1510 est,

871 1519 879 1538 ⁸
997 1605 1000 1616 ,
1236 1536 1325 1624 quod
1349 1536 1438 1599 idem
1464 1531 1723 1600 hicfirchelaus
1745 1557 1763 1598 a
1784 1536 1893 1598 Dione
1916 1535 1983 1598 Hs·

494 1637 702 1707 HPntch.
721 1641 858 1706 Barrus.
877 1633 902 1706 ἲ
919 1635 1179 1705 ΕΘΝΑΡΧΟΟ.
1236 1642 1332 1702 rodes
1353 1641 1563 1700 Palaestines
1580 1635 1704 1698 diserte
1721 1635 1840 1700 dicitur
1853 1637 1901 1717 θ),
1914 1653 1981 1720 quo

437 1743 546 1810 Gaea
561 1747 721 1828 cristato,
740 1743 841 1820 jueta
857 1745 1064 1826 perexiguus
1081 1743 1182 1804 ocdu-
1234 1740 1336 1804 modo
1353 1754 1386 1804 et
1401 1739 1443 1816 is,
1469 1739 1524 1825 qui
1544 1737 1578 1800 in
1600 1739 1707 1800 cumis
1723 1737 1845 1802 dicitur
1860 1739 1981 1822 Agrip-

431 1866 519 1910 ceus.
548 1843 619 1908 ΔΕ.
638 1843 692 1910 lli.
716 1843 835 1927 (Liebe
854 1845 984 1929 pado.)
1014 1841 1082 1908 Sed
1097 1843 1181 1906 Har·
1236 1864 1298 1927 pa,
1326 1842 1413 1926 apud
1435 1841 1631 1924 losephum,
1659 1853 1693 1902 et
1717 1839 1751 1901 in
1776 1839 1869 1904 Actis
1891 1839 1981 1922 Apo·

433 1947 552 2010 doinus
567 1945 670 2030 legit:
691 1933 1179 2022 HPssAOTAEONhPXOT,
1234 1944 1395 2008 stolorum
1418 1963 1449 2009 e.
1464 1943 1534 2012 111.
1556 1965 1587 2010 s.
1609 1964 1637 2010 ι.
1670 1939 1825 2006 Herodes
1847 1959 1980 2026 quoque

324 2109 330 2117 ,
431 2049 543 2130 (Num.
569 2045 750 2112 Herodisd.
780 2045 814 2108 in
841 2045 927 2132 Opp.
952 2045 1012 2116 sel.
1037 2067 1072 2132 p.
1089 2043 1178 2129 ³28.)
1235 2047 1372 2122 dieitur,
1403 2057 1441 2108 ut
1470 2041 1598 2132 pridem
1624 2057 1699 2130 post
1727 2043 1809 2108 alios
1838 2041 1981 2107 advertit

431 2171 528 2236 quem
559 2149 780 2234 posteriorem
805 2147 939 2212 modum
961 2147 996 2212 in
1018 2147 1177 2226 omnihus,
1231 2147 1383 2212 Norisiue
1410 2145 1447 2230 ¹).
1489 2145 1607 2224 Addo,
1646 2168 1722 2210 eum
1754 2143 1899 2210 Herodis
1931 2143 1980 2209 hl.

431 2271 517 2342 qnos
544 2251 645 2330 sidit,
681 2249 941 2334 deprehendisse
974 2270 1010 2314 se
1041 2264 1178 2314 testatur
1234 2249 1355 2327 lilium,
1382 2249 1439 2334 qui
1462 2271 1481 2314 e
1503 2251 1616 2314 Marco
1639 2269 1710 2332 cap.
1726 2249 1782 2318 VI.
1808 2267 1840 2313 v.
1860 2267 1909 2330 ¹7·
1931 2245 1981 2308 di·

430 2339 693 2438 Barthclemyus.
731 2349 849 2438 (Β.Ἰι.
886 2355 927 2420 Τ.
947 2349 1066 2422 xxttt.
1101 2373 1176 2438 pag.
1234 2352 1319 2416 citur
1339 2350 1528 2436 Philippus,
1555 2349 1735 2433 elosepho
1763 2350 1870 2434 ipsum
1900 2367 1980 2432 qoo-

430 2451 521 2538 536.)
1233 2476 1298 2540 que
1326 2453 1497 2517 Herodem
1523 2451 1683 2537 appellari
1710 2453 1753 2532 s).
1797 2451 1980 2519 Enimvero

494 2557 603 2620 Alius
617 2557 758 2633 similis,
776 2553 1066 2632 scultetum,
1082 2554 1179 2618 illine
1231 2555 1475 2632 animadverto,
1502 2554 1670 2640 plerisque
1696 2553 1835 2618 Iudaeae
1858 2549 1980 2636 princi·

431 2659 605 2720 reducens.
645 2655 874 2740 (Barthelemy
899 2655 921 2722 l.
940 2675 969 2722 o.
994 2677 1037 2721 ex
1062 2673 1178 2719 museo
1233 2655 1329 2742 pibus
1349 2655 1513 2742 geminum
1535 2653 1636 2721 fuisse
1654 2665 1797 2732 nomen‚'
1817 2673 1916 2718 snum
1930 2655 1980 2716 io·

431 2753 660 2838 Chamillard.)
1234 2759 1337 2824 stituti
1360 2757 1470 2843 patrii,
1495 2757 1633 2824 alterum
1659 2752 1892 2842 peregrinum,
1922 2775 1981 2818 ne·

492 2860 613 2920 utrum
639 2877 735 2936 sane,
759 2851 981 2922 Herodem-in
997 2853 1047 2922 his
1068 2855 1177 2921 nemis
1234 2883 1299 2948 que
1323 2855 1408 2924 istud
1431 2861 1593 2924 selamin
1616 2871 1716 2944 gente
1735 2855 1895 2936 Herodis,
1917 2855 1981 2921 sed

431 2959 496 3024 diei
512 2959 694 3040 Εθιαρχοι,
717 2964 829 3040 gentis
848 2963 1050 3043 prinoipem.
1077 2980 1176 3046 quem
1233 2965 1296 3048 jam
1320 2963 1416 3027 etiam
1437 2963 1496 3026 suh
1514 2961 1716 3050 principibus
1733 2959 1979 3034 Hammooaels,

429 3060 480 3122 illi
509 3058 638 3122 titulum
663 3057 856 3124 allomeris
877 3059 987 3125 datum
1010 3082 1076 3126 non
1102 3082 1179 3130 oon·
1233 3067 1280 3130 sie
1299 3063 1354 3149 qui
1370 3063 1527 3143 Ioannes,
1552 3065 1640 3128 idem
1658 3079 1693 3128 et
1708 3065 1903 3146 Hyrcanas,
1924 3063 1981 3146 qui

429 3175 502 3226 stet.
536 3159 689 3226 Testibus
713 3161 877 3228 historicis
897 3163 1038 3248 primum
1060 3175 1178 3228 tetrar-
1233 3165 1417 3244 leonastes,
1438 3179 1472 3230 et
1490 3167 1705 3242 Alexander,
1727 3163 1784 3249 qui
1800 3163 1922 3240 lucas,
1945 3175 1982 3226 et

430 3265 494 3325 ⁶7⁸⁰
518 3262 597 3340 fuit,
620 3285 698 3328 ii¹⁰¹
723 3262 800 3328 inde
823 3263 864 3328 ab
887 3285 972 3328 ⁸⁰⁰⁰
996 3266 1038 3334 V·
1054 3264 1089 3330 C·
1114 3273 1179 3347 7¹4
1235 3269 1471 3344 Aristodemo,
1501 3281 1564 3334 etc.
1585 3253 1673 3330 u'nde
1694 3287 1806 3330 rerem
1827 3275 1981 3330 tenemus

360 3363 368 3380 ‘
429 3384 508 3442 rex,
539 3365 601 3428 etsi
628 3365 827 3429 ethaerehea
847 3363 959 3430 titulus
981 3365 1016 3429 in
1038 3365 1177 3430 ludaeso
1234 3391 1380 3448 caesam,
1408 3391 1469 3435 cur
1497 3389 1614 3434 eorum
1638 3369 1769 3433 nomina
1790 3367 1878 3452 apud
1900 3367 1981 3432 sori·

429 3465 633 3553 principibus
650 3485 758 3554 neque
774 3481 869 3560 aute,
894 3489 1002 3554 neque
1021 3483 1095 3554 post
1110 3471 1178 3533 He·
1229 3487 1346 3564 ptores
1364 3471 1506 3550 varient,
1531 3485 1566 3535 et
1581 3493 1663 3556 quae
1678 3471 1762 3536 adeo
1782 3469 1863 3555 ipsis
1880 3469 1981 3534 etiam

429 3567 546 3634 rodem
567 3567 712 3634 insolens
731 3569 810 3648 leit3
844 3591 918 3634 uam
937 3571 965 3634 is
985 3585 1069 3636 teste
1089 3574 1177 3638 lose·
1233 3575 1339 3639 cumis
1353 3589 1463 3660 potest
1479 3573 1655 3660 applicari,
1684 3573 1739 3658 qni
1758 3573 1846 3636 sorte
1865 3569 1980 3635 dome·

430 3671 497 3752 pho
525 3685 619 3735 autea
645 3671 737 3736 datus
759 3673 932 3756 Hyrcano,
957 3671 1092 3757 posthac
1114 3673 1177 3738 Ar·
1233 3679 1314 3742 stico
1344 3677 1476 3742 nomine
1504 3675 1669 3762 appellant
1693 3673 1804 3752 illum,
1836 3671 1895 3760 qui
1921 3693 1979 3736 no·

431 3772 548 3836 chelae
589 3773 736 3837 Herodis
777 3777 824 3840 M.
867 3771 946 3838 lilio.
1003 3777 1176 3840 Existimat
1231 3780 1282 3843 his
1310 3795 1432 3844 tentum
1461 3799 1503 3844 ex
1531 3775 1710 3864 peregrino
1737 3777 1889 3860 cognitus
1918 3789 1978 3839 est

430 3873 646 3956 spanhemius
682 3875 736 3958 ⁰),
790 3875 1042 3960 appellationem
1093 3877 1177 3942 hano
1233 3883 1299 3945 lam
1316 3900 1358 3946 ex
1372 3874 1516 3945 Herodis
1532 3883 1579 3945 Μ.
1604 3877 1680 3942 liliis
1702 3877 1795 3942 binos
1818 3874 1979 3942 hahemus

429 3972 601 4038 Herodem
629 3974 691 4038 sihi
717 3967 898 4042 dodican&
924 3979 984 4043 illo
1011 3993 1176 4064 tempore,
1234 4004 1276 4048 ex
1309 3983 1409 4068 petris
1443 3983 1576 4047 nomine
1607 3995 1766 4056 vocatos,
1804 3979 1978 4044 Herodem

431 4093 514 4157 quo,
543 4075 696 4157 Hyrcano
724 4079 902 4144 ethnarcha
929 4103 948 4145 s
974 4081 1103 4145 Parthis
1129 4081 1176 4148 vi·
1231 4082 1435 4169 Philippum.
1460 4099 1495 4150 et
1513 4083 1873 4169 Herodem'Antipsm,
1900 4081 1978 4169 quid

430 4191 485 4240 eto
520 4189 555 4242 et
590 4176 625 4238 in
662 4181 878 4263 captivitatem
911 4179 1051 4248 abducto
1086 4185 1176 4248 solus
1232 4167 1314 4271 ergo
1332 4195 1433 4264 uetat,
1459 4187 1589 4252 tertium
1606 4206 1737 4272 quoque
1755 4183 1860 4248 filium
1876 4179 1977 4248 luisse

431 4295 543 4342 rerum
576 4279 610 4340 in
641 4280 759 4345 ledaea
792 4283 996 4366 potiebatur,
1034 4285 1175 4350 necdum
1231 4285 1401 4352 Herodem
1417 4287 1638 4354 Archelaum?
1667 4287 1763 4354 Adeo
1779 4305 1899 4355 rerum
1916 4301 1975 4362 est.

431 4391 541 4443 tamen
565 4381 655 4464 regis
679 4382 775 4447 titulo
800 4385 943 4466 Romae,
967 4387 1102 4473 quodei
1119 4409 1174 4473 po·
1232 4390 1320 4476 quod
1346 4391 1390 4455 ait
1413 4392 1606 4458 Plutarchus
1631 4387 1683 4474 11)ι
1718 4391 1823 4456 πολλα
1849 4383 1904 4466 δι,
1938 4385 1978 4463 ὥς

432 4527 1974 4564 Quum—..-

468 4614 826 4682 ¹)10s.Ant.L.xV11.
846 4632 914 4686 cu.
1031 4623 1223 4694 h)1os.t.c.
1243 4627 1373 4704 eap.Xl.
1493 4629 1525 4700 e)
1544 4626 1582 4684 de
1601 4625 1650 4682 Pr.
1668 4643 1750 4686 num.
1768 4625 1805 4684 Τ.
1819 4625 1844 4685 1.
1860 4643 1896 4702 p·
1911 4637 1973 4688 521·

431 4698 466 4768 d)
484 4701 552 4760 Ant.
567 4701 643 4764 Gall.
658 4726 689 4783 p.
702 4721 763 4776 tto·
873 4714 905 4783 e)
923 4711 957 4768 L.
967 4713 1027 4776 LV.
1046 4717 1072 4785 §.
1083 4723 1128 4778 27.
1236 4715 1263 4788 l)
1283 4716 1321 4773 de
1335 4735 1415 4776 num.
1434 4711 1546 4776 Herod.
1562 4717 1664 4794 Antip.
1771 4717 1806 4794 g)
1824 4716 1895 4775 Ant.
1909 4709 1973 4788 lud.

432 4785 578 4851 uxvffl.
598 4815 622 4852 e.
633 4805 661 4859 5·
676 4797 700 4870 l·
713 4811 736 4859 t.
833 4799 868 4876 h)
889 4801 927 4862 de
940 4803 1025 4878 Pyth.
1039 4821 1117 4866 orec.
1130 4823 1161 4882 p.
1172 4823 1209 4866 m.
1226 4813 1290 4870 401.
