4212 5462
426 558 473 632 ὑ.
923 531 927 539 ’
1086 529 1318 606 cr-utcta.

430 729 466 781 ut
483 711 648 798 copiosius
666 703 846 770 ‹liceturin
864 701 1116 798 citatotractstu
1133 697 1176 764 de
1234 698 1359 764 dotium
1389 697 1512 764 Teucri
1542 699 1701 785 appellari
1731 701 1858 786 coepit,
1895 702 1983 785 ejus.

432 816 540 880 numis
559 809 755 876 Phoeniciis.
794 833 797 842 Ο
1234 823 1299 887 qu,
1315 801 1466 886 9101.qu
1484 801 1797 886 pomfficmjwis,
1822 815 1878 868 m
1894 804 1983 867 Teu.

493 919 761 998 Numum,'qnem
776 909 883 973 altero
896 903 1085 984 looodedi,
1103 921 1176 968 esse
1234 904 1284 970 cri
1314 923 1435 966 nomeu
1466 917 1650 986 gesserunt.
1690 905 1735 968 At
1761 904 1982 988 Zenophanes

434 1028 589 1096 seucum,
623 1027 713 1078 tanto
744 1011 847 1096 magis
869 1011 986 1073 mirum
1008 1007 1176 1083 videatur,
1235 1003 1364 1089 quidam
1388 1017 1543 1086 tyrannus
1566 1004 1745 1088 subjectum
1769 1005 1832 1068 sibi
1857 1008 1982 1070 tutelae

431 1121 519 1207 quod
556 1131 715 1182 remotam
752 1113 906 1198 praefert·
934 1099 1190 1193 antiquitatem,
1234 1106 1377 1170 nomino
1398 1103 1505 1170 olma
1535 1105 1858 1192 ditionem-reliquit
1890 1105 1981 1171 filias

433 1241 582 1307 eumque,
601 1241 663 1304 qua
679 1229 843 1280 monetam
857 1231 990 1276 aeneam
1004 1230 1066 1292 per
1077 1209 1180 1272 Grae·
1235 1207 1327 1272 Abas
1348 1208 1381 1269 iu
1404 1205 1611 1272 sacerdotum
1632 1209 1788 1272 familiam
1815 1231 1877 1294 per
1900 1229 1984 1293 nup·
2050 1201 2056 1216 '

436 1322 602 1388 casurbes
619 1318 763 1383 nondum
777 1315 878 1378 inisse
893 1313 1066 1396 signatam,
1081 1310 1178 1394 piane
1236 1309 1296 1373 tias
1316 1309 1477 1388 insertae,
1507 1331 1590 1394 quae
1621 1330 1690 1375 eam
1717 1311 1875 1394 deinceps
1904 1325 1985 1394 qna·-

434 1447 505 1490 sum
524 1443 708 1507 persuasus.
746 1417 798 1481 Ad
814 1417 897 1478 haec
915 1413 1052 1491 bovem,
1069 1425 1179 1476 notam
1237 1431 1302 1495 qus
1332 1410 1468 1475 retinuit
1500 1409 1662 1476 beneficio
1692 1415 1738 1478 M.
1759 1411 1913 1490 Antonii,
1951 1425 1986 1476 et

327 1593 331 1604 ,
433 1527 512 1590 ituic
530 1523 647 1588 tractui
664 1521 879 1593 familiarem,
895 1515 1039 1579 nondum
1055 1515 1181 1578 nisior·
1238 1512 1450 1596 Cleopatrae,
1491 1533 1572 1596 quos
1611 1514 1761 1578 omnibus
1795 1513 1859 1576 sibi
1890 1511 1987 1577 obse·

437 1629 583 1713 gemis,
602 1626 708 1710 iisque
728 1619 877 1684 omnibus
895 1615 1114 1701 perantiquis,
1134 1617 1182 1676 in·
1238 1611 1322 1698 quiis
1363 1611 1529 1678 demereri
1566 1615 1697 1678 studuit.
1750 1615 1821 1701 ᾼΒα
1857 1613 1987 1676 sublate

438 1749 552 1793 cusum
569 1723 646 1792 vidi.
687 1723 813 1819 Quibus
830 1721 871 1783 de
888 1719 993 1784 causis
1011 1717 1096 1780 subit
1113 1716 1180 1780 ani
1237 1715 1440 1798 principatus
1457 1715 1491 1776 in
1511 1717 1633 1780 Teucri
1652 1717 1773 1781 familia
1791 1715 1986 1800 permansit.

436 1851 525 1894 mum
550 1825 710 1910 suspicio,
741 1843 814 1888 esso
834 1841 909 1885 eum
931 1839 973 1910 ⁰¹.
996 1818 1182 1883 subaerato-
1237 1817 1330 1880 Haec
1348 1815 1477 1880 Strabo·
1527 1855 1532 1874 .

436 1953 511 1997 rum
532 1948 687 2004 numero,
717 1926 779 1989 etsi
800 1923 926 1986 nullum
948 1922 981 1981 in
1003 1939 1045 1984 eo
1064 1917 1181 1984 aduss-
1302 1917 1498 1982 Sacerdotes
1516 1917 1681 1984 Ollseuses
1703 1919 1737 1982 iu
1759 1919 1865 1984 numia
1887 1919 1989 1984 lrabe-

305 2073 308 2078 -
438 2033 542 2100 rentis
559 2027 875 2115 argentivestigium
898 2023 1059 2108 apparuit.
1238 2039 1310 2083 mus
1327 2063 1333 2070 -
1348 2019 1571 2097 Polemonem,
1611 2024 1769 2119 Ajacem,
1816 2023 1989 2086 Teucrum.

501 2133 633 2198 Alter
648 2131 729 2195 Ac.
745 2128 886 2192 ΚΒΜ.
1237 2123 1370 2184 Partem
1391 2141 1565 2184 numorum
1593 2124 1634 2187 ad
1662 2124 1723 2188 hos
1750 2123 1989 2208 pertinentium

434 2259 437 2266 -
1001 2232 1010 2246 ¹
1238 2222 1389 2286 nonnulli
1415 2222 1584 2308 antiquarii
1605 2225 1761 2290 aliorsum
1783 2226 1895 2313 inique
1925 2239 1989 2289 tra·

735 2365 885 2432 OLBA·
1240 2337 1369 2387 xerunt.
1417 2325 1484 2389 Eos
1527 2347 1641 2390 omnes
1681 2328 1818 2412 collegit
1850 2325 1991 2410 insignis

804 2423 806 2428 ’
1239 2427 1414 2510 Bellepus,
1447 2441 1482 2490 ct
1509 2427 1636 2492 erudita
1662 2427 1893 2493 dissertatione
1915 2429 1990 2490 illu·

503 2541 541 2600 ln
568 2533 729 2599 montanis
757 2551 872 2596 sersus
893 2531 1059 2595 Isauriam.
1103 2527 1183 2610 Eius
1240 2529 1354 2592 stravit
1374 2527 1428 2610 b),
1449 2528 1555 2612 unde,
1578 2550 1660 2614 quae
1682 2552 1759 2598 mox
1780 2533 1894 2616 leges,
1920 2529 1992 2616 ple·

432 2639 567 2700 'mentio
594 2637 630 2696 tit
654 2637 689 2696 in
706 2635 812 2696 numis
831 2631 1037 2696 sacerdotum
1057 2629 1184 2708 Olbae,
1234 2650 1343 2716 ·raque
1362 2629 1466 2700 hausi.

432 2756 522 2822 ‘quos
539 2735 694 2801 continuo
708 2734 907 2818 subjicimus.
1140 2747 1141 2752 ’

1230 2867 1232 2872 ·
1321 2851 1592 2920 POLEMON·
1621 2851 1911 2922 SACERDOS

747 2937 883 3006 NVM¹
1004 2975 1011 2984 ·
1057 3009 1063 3016 -
1201 3031 1205 3042 .
1246 2981 1249 2988 ¹
1520 2971 1714 3037 cusan

467 3055 855 3134 sacru-norunt,
885 3055 952 3116 nr
973 3053 1167 3118 rumer-
1676 3087 1678 3092 -

583 3136 1996 3306 ¹¹’vo012ffle...t§iiiiiiliau..1³..fts‘3‘s’0fi

506 3345 621 3408 Olbse·
652 3342 869 3407 sacerdotium
910 3363 945 3403 ev
959 3339 1187 3404 remotissimis
1244 3335 1451 3403 ΠΑΡΧΟΤ.
1484 3341 1770 3408 ΚΕΝΝΑΤΩΝ.
1802 3337 1994 3404 ΛΑΛΑΣ.

445 3445 647 3530 temporibus
672 3445 811 3508 ducitur.
855 3446 987 3504 Teucer
1013 3461 1055 3504 ex
1075 3441 1188 3524 Troja·
1244 3439 1318 3504 ET.
1342 3439 1381 3506 B.
1414 3444 1543 3534 (Typus
1572 3467 1639 3510 uon
1667 3445 1825 3528 additur.)
1862 3443 1998 3526 (Bellcy
2044 3471 2052 3482 ·

445 3571 490 3612 no
517 3548 612 3611 bello
635 3547 669 3607 iu
696 3544 832 3628 patriam
855 3543 1040 3606 sstsntnen
1063 3541 1187 3618 redux,
1250 3561 1292 3605 ex
1310 3541 1343 3605 le
1363 3545 1473 3624 Bret.)

448 3671 521 3718 oum
552 3673 570 3711 a
597 3661 691 3732 patre
713 3645 892 3708 Telamone
921 3656 1059 3727 propter
1085 3645 1193 3726 segni·
1311 3639 1651 3712 M..ANTttN10‘r.
1665 3641 2000 3710 noAEMttNoz.

447 3755 526 3816 tiem
552 3771 616 3812 non
645 3747 798 3814 vindicati
820 3745 930 3808 lustris
947 3743 1056 3824 Ajsois
1077 3743 1194 3808 admis·
1250 3737 1541 3811 ΑΡΧΙΕΡΕΩΣ.
1576 3751 1684 3834 Caput
1702 3751 1891 3812 Polemonis
1908 3749 2001 3826 juce·

435 3875 503 3916 sus
532 3873 598 3916 non
627 3861 732 3926 esset,
762 3848 796 3908 in
818 3849 961 3930 Cyprum
991 3847 1194 3910 consociis
1251 3847 1329 3908 nile.
1356 3843 1608 3914 tKENNAT.
1628 3845 1903 3915 ΔΤΝΑΣΤΟΤ.
1921 3843 2002 3910 ΟΛ-

432 3955 616 4036 -prolectus
637 3951 752 4014 urbem
774 3949 970 4012 Salaminem
994 3948 1117 4031 patriae
1140 3967 1196 4014 oo-
1249 3945 1395 4016 ΒΕΩΝ.
1411 3944 1522 4016 ΤΗΣ.
1535 3945 1688 4019 ΙΕΡΑΣ.
1702 3952 1798 4019 ΚΑΙ.
1811 3945 2002 4014 ΛΑΛΑΣ-

390 4053 636 4138 '‚'gnomiuem
686 4050 876 4114 aedificarit.
935 4049 1057 4113 Teucri
1105 4049 1194 4112 lilius
1251 4047 1404 4117 ΣΕΩΝ.
1422 4051 1462 4118 Ε.
1479 4051 1541 4116 ῙΑ.
1572 4053 1665 4116 Sella
1681 4074 1797 4131 suoru,
1819 4031 1924 4132 jueta
1942 4056 2003 4114 tri·

448 4155 548 4235 Aiax,
575 4165 611 4215 ut
632 4151 738 4214 refert
757 4150 873 4214 Strabo
897 4153 946 4232 ΙΙ),
972 4151 1008 4212 ἱιι
1034 4151 1194 4214 montania
1252 4165 1379 4232 quatra.
1423 4153 1561 4219 Att.11.
1607 4154 1741 4238 (Belley
1769 4175 1812 4220 ex
1840 4151 2002 4218 Palloriu.

449 4255 584 4321 Ciliciae
606 4249 692 4336 apud
721 4249 840 4314 Olbam
857 4251 942 4316 lovis
961 4253 1120 4346 templum
1139 4251 1196 4316 de·
1251 4253 1357 4319 Liuiae
1375 4253 1453 4320 Got.
1472 4275 1560 4320 uum.
1581 4276 1614 4339 p.
1630 4260 1724 4337 407.)
1913 4243 1918 4252 ’

418 4417 423 4422 .
451 4355 587 4432 dicavit,
633 4351 724 4434 cujus
761 4351 909 4434 pontifex
947 4352 1097 4418 dominus
1133 4351 1196 4416 fuit
1233 4395 1237 4404 -
1314 4353 1462 4422 MAPK.
1477 4354 1746 4424 ΔΝΤΩΝΙΟΤ.
1762 4350 2000 4419 ΠΟΛΕΜΩ-

451 4453 681 4522 Trachiotidis.
726 4453 843 4515 Nostra
873 4465 995 4528 astato,
1024 4455 1196 4540 prosequi·
1252 4451 1363 4521 ΝΟΣ.
1379 4453 1668 4524 ΑΡΧΙΕΡΕΩΣ.
1695 4461 1802 4543 Caput
1811 4461 2005 4524 Polemonis

454 4570 509 4620 tur
531 4557 667 4632 Strabo,
693 4568 815 4619 tractus
844 4555 873 4616 is
899 4553 997 4632 ditio,
1029 4567 1063 4618 et
1091 4577 1198 4620 sacer·
1232 4561 1387 4620 ·nudum.
1424 4554 1449 4618 Ξ
1480 4556 1588 4623 ΔΤΝ.
1607 4593 1623 4610 -
1642 4594 1657 4612 -
1676 4595 1690 4612 -
1711 4555 1822 4628 ΤΗΣ.
1844 4559 2002 4628 ΙΕΡΑΣ.

437 4741 442 4748 ’
488 4763 519 4832 s)
538 4760 657 4822 suiv.
672 4781 754 4838 pm.
769 4772 834 4836 909.
907 4762 942 4836 s>
961 4761 1039 4818 su.
1057 4761 1178 4824 um.
1195 4763 1282 4823 usn.
1295 4761 1400 4840 psus.
