<?xml version="1.0" encoding="UTF-8"?>
<!DOCTYPE html PUBLIC "-//W3C//DTD XHTML 1.0 Transitional//EN"
    "http://www.w3.org/TR/xhtml1/DTD/xhtml1-transitional.dtd">
<html xmlns="http://www.w3.org/1999/xhtml" xml:lang="en" lang="en">
 <head>
  <title>
</title>
<meta http-equiv="Content-Type" content="text/html;charset=utf-8" />
  <meta name='ocr-system' content='tesseract 3.04.00' />
  <meta name='ocr-capabilities' content='ocr_page ocr_carea ocr_par ocr_line ocrx_word'/>
</head>
<body>
  <div class='ocr_page' id='page_1' title='image "./doctrinanumorum02hohlgoog/doctrinanumorum02hohlgoog_0313.png"; bbox 0 0 4168 5454; ppageno 0'>
   <div class='ocr_carea' id='block_1_1' title="bbox 439 497 1496 594">
    <p class='ocr_par' dir='ltr' id='par_1_1' title="bbox 439 497 1496 594">
     <span class='ocr_line' id='line_1_1' title="bbox 439 497 1496 594; baseline 0 -17"><span class='ocrx_word' id='word_1_1' title='bbox 439 521 510 590; x_wconf 74' lang='lat'>500</span> <span class='ocrx_word' id='word_1_2' title='bbox 940 497 1250 594; x_wconf 70' lang='lat' dir='ltr'>ssshtet&#39;ctS,</span> <span class='ocrx_word' id='word_1_3' title='bbox 1284 501 1496 579; x_wconf 79' lang='lat' dir='ltr'>l&#39;illlllA.</span> 
     </span>
    </p>
   </div>
   <div class='ocr_carea' id='block_1_2' title="bbox 366 671 2050 4333">
    <p class='ocr_par' dir='ltr' id='par_1_2' title="bbox 439 671 1775 762">
     <span class='ocr_line' id='line_1_2' title="bbox 439 671 1775 762; baseline 0.001 -21"><span class='ocrx_word' id='word_1_4' title='bbox 439 681 464 744; x_wconf 88' lang='lat' dir='ltr'>l.</span> <span class='ocrx_word' id='word_1_5' title='bbox 483 671 622 742; x_wconf 75' lang='lat' dir='ltr'>Caesare</span> <span class='ocrx_word' id='word_1_6' title='bbox 640 675 793 760; x_wconf 82' lang='lat' dir='ltr'>adjectis,</span> <span class='ocrx_word' id='word_1_7' title='bbox 816 685 849 740; x_wconf 88' lang='lat' dir='ltr'>ct</span> <span class='ocrx_word' id='word_1_8' title='bbox 868 693 1007 762; x_wconf 85' lang='lat' dir='ltr'>quorum</span> <span class='ocrx_word' id='word_1_9' title='bbox 1026 695 1184 762; x_wconf 79' lang='lat' dir='ltr'><strong>generum</strong></span> <span class='ocrx_word' id='word_1_10' title='bbox 1241 687 1249 700; x_wconf 83' lang='lat'><strong>·</strong></span> <span class='ocrx_word' id='word_1_11' title='bbox 1429 675 1478 738; x_wconf 77' lang='lat' dir='ltr'>‘C</span> <span class='ocrx_word' id='word_1_12' title='bbox 1502 675 1532 738; x_wconf 77' lang='lat' dir='ltr'>A</span> <span class='ocrx_word' id='word_1_13' title='bbox 1551 673 1580 736; x_wconf 89' lang='lat' dir='ltr'>P</span> <span class='ocrx_word' id='word_1_14' title='bbox 1602 671 1632 742; x_wconf 78' lang='lat' dir='ltr'>V</span> <span class='ocrx_word' id='word_1_15' title='bbox 1652 677 1680 738; x_wconf 85' lang='grc' dir='ltr'><strong>Τ</strong></span> <span class='ocrx_word' id='word_1_16' title='bbox 1721 677 1775 742; x_wconf 88' lang='lat' dir='ltr'>Ili.</span> 
     </span>
    </p>

    <p class='ocr_par' dir='ltr' id='par_1_3' title="bbox 439 779 1183 865">
     <span class='ocr_line' id='line_1_3' title="bbox 439 779 1183 865; baseline 0.003 -21"><span class='ocrx_word' id='word_1_17' title='bbox 439 781 566 865; x_wconf 86' lang='lat' dir='ltr'>singula</span> <span class='ocrx_word' id='word_1_18' title='bbox 595 793 688 849; x_wconf 78' lang='lat' dir='ltr'>eruut</span> <span class='ocrx_word' id='word_1_19' title='bbox 723 799 817 842; x_wconf 85' lang='lat' dir='ltr'>muro</span> <span class='ocrx_word' id='word_1_20' title='bbox 852 779 1028 862; x_wconf 87' lang='lat' dir='ltr'>interjecto</span> <span class='ocrx_word' id='word_1_21' title='bbox 1064 782 1183 864; x_wconf 84' lang='lat' dir='ltr'>divise,</span> 
     </span>
    </p>

    <p class='ocr_par' dir='ltr' id='par_1_4' title="bbox 434 879 1957 1175">
     <span class='ocr_line' id='line_1_4' title="bbox 437 879 1957 968; baseline 0.003 -22"><span class='ocrx_word' id='word_1_22' title='bbox 437 881 566 968; x_wconf 82' lang='lat' dir='ltr'>lingula</span> <span class='ocrx_word' id='word_1_23' title='bbox 587 881 730 966; x_wconf 78' lang='lat' dir='ltr'>propriis</span> <span class='ocrx_word' id='word_1_24' title='bbox 760 881 826 944; x_wconf 84' lang='lat' dir='ltr'>uuis</span> <span class='ocrx_word' id='word_1_25' title='bbox 854 882 961 944; x_wconf 83' lang='lat' dir='ltr'>numis</span> <span class='ocrx_word' id='word_1_26' title='bbox 989 883 1183 964; x_wconf 85' lang='lat' dir='ltr'>utebantur,</span> <span class='ocrx_word' id='word_1_27' title='bbox 1242 879 1957 964; x_wconf 75' lang='lat' dir='ltr'>DenumisAntioclriaeimperatoriisaeneis</span> 
     </span>
     <span class='ocr_line' id='line_1_5' title="bbox 434 983 1757 1071; baseline 0.001 -27"><span class='ocrx_word' id='word_1_28' title='bbox 434 986 567 1071; x_wconf 72' lang='lat' dir='ltr'>egimus</span> <span class='ocrx_word' id='word_1_29' title='bbox 582 983 616 1046; x_wconf 89' lang='lat' dir='ltr'>iu</span> <span class='ocrx_word' id='word_1_30' title='bbox 633 984 704 1066; x_wconf 78' lang='lat' dir='ltr'>ejus</span> <span class='ocrx_word' id='word_1_31' title='bbox 720 984 809 1046; x_wconf 81' lang='lat' dir='ltr'>urbis</span> <span class='ocrx_word' id='word_1_32' title='bbox 827 995 969 1052; x_wconf 85' lang='lat' dir='ltr'>moneta.</span> <span class='ocrx_word' id='word_1_33' title='bbox 990 985 1083 1069; x_wconf 83' lang='lat' dir='ltr'>Ergo</span> <span class='ocrx_word' id='word_1_34' title='bbox 1099 989 1182 1055; x_wconf 82' lang='lat' dir='ltr'>heco</span> <span class='ocrx_word' id='word_1_35' title='bbox 1471 985 1643 1067; x_wconf 72' lang='lat' dir='ltr'>inscriptis</span> <span class='ocrx_word' id='word_1_36' title='bbox 1666 983 1700 1046; x_wconf 78' lang='lat' dir='ltr'>S.</span> <span class='ocrx_word' id='word_1_37' title='bbox 1721 984 1757 1046; x_wconf 84' lang='lat' dir='ltr'>G.</span> 
     </span>
     <span class='ocr_line' id='line_1_6' title="bbox 437 1086 1186 1175; baseline 0.008 -25"><span class='ocrx_word' id='word_1_38' title='bbox 437 1087 693 1164; x_wconf 83' lang='lat' dir='ltr'>tetradraehma,</span> <span class='ocrx_word' id='word_1_39' title='bbox 720 1100 789 1148; x_wconf 90' lang='lat' dir='ltr'>tum</span> <span class='ocrx_word' id='word_1_40' title='bbox 810 1103 844 1150; x_wconf 87' lang='lat' dir='ltr'>et</span> <span class='ocrx_word' id='word_1_41' title='bbox 865 1088 977 1163; x_wconf 87' lang='lat' dir='ltr'>aenei,</span> <span class='ocrx_word' id='word_1_42' title='bbox 1007 1086 1186 1175; x_wconf 81' lang='lat' dir='ltr'>dequibus</span> 
     </span>
    </p>

    <p class='ocr_par' dir='ltr' id='par_1_5' title="bbox 433 1183 1955 1376">
     <span class='ocr_line' id='line_1_7' title="bbox 433 1183 1955 1273; baseline 0.001 -21"><span class='ocrx_word' id='word_1_43' title='bbox 433 1203 533 1267; x_wconf 73' lang='lat' dir='ltr'>atrox,</span> <span class='ocrx_word' id='word_1_44' title='bbox 569 1189 703 1252; x_wconf 78' lang='lat' dir='ltr'>fuerunt</span> <span class='ocrx_word' id='word_1_45' title='bbox 732 1189 947 1268; x_wconf 73' lang='lat' dir='ltr'>Antiochiae,</span> <span class='ocrx_word' id='word_1_46' title='bbox 987 1191 1046 1252; x_wconf 87' lang='lat' dir='ltr'>setl</span> <span class='ocrx_word' id='word_1_47' title='bbox 1078 1193 1184 1272; x_wconf 81' lang='lat' dir='ltr'>urbis,</span> <span class='ocrx_word' id='word_1_48' title='bbox 1304 1185 1433 1250; x_wconf 68' lang='lat' dir='ltr'>florum</span> <span class='ocrx_word' id='word_1_49' title='bbox 1462 1187 1624 1252; x_wconf 64' lang='lat' dir='ltr'>wionem</span> <span class='ocrx_word' id='word_1_50' title='bbox 1654 1183 1764 1273; x_wconf 68' lang='lat' dir='ltr'>pauci!</span> <span class='ocrx_word' id='word_1_51' title='bbox 1793 1185 1955 1256; x_wconf 69' lang='lat' dir='ltr'>describere</span> 
     </span>
     <span class='ocr_line' id='line_1_8' title="bbox 436 1286 1432 1376; baseline 0.002 -20"><span class='ocrx_word' id='word_1_52' title='bbox 436 1293 691 1369; x_wconf 70' lang='lat' dir='ltr'>ceremoniae,</span> <span class='ocrx_word' id='word_1_53' title='bbox 718 1306 869 1366; x_wconf 86' lang='lat' dir='ltr'>moneta,</span> <span class='ocrx_word' id='word_1_54' title='bbox 897 1312 935 1355; x_wconf 85' lang='lat' dir='ltr'>sc</span> <span class='ocrx_word' id='word_1_55' title='bbox 954 1303 1131 1376; x_wconf 87' lang='lat' dir='ltr'>propterea</span> <span class='ocrx_word' id='word_1_56' title='bbox 1150 1296 1183 1358; x_wconf 91' lang='lat' dir='ltr'>in</span> <span class='ocrx_word' id='word_1_57' title='bbox 1242 1286 1318 1352; x_wconf 68' lang='lat' dir='ltr'>tulis</span> <span class='ocrx_word' id='word_1_58' title='bbox 1341 1303 1432 1354; x_wconf 75' lang='lat' dir='ltr'>estet</span> 
     </span>
    </p>

    <p class='ocr_par' dir='ltr' id='par_1_6' title="bbox 433 1389 1960 1583">
     <span class='ocr_line' id='line_1_9' title="bbox 433 1389 1958 1476; baseline -0.001 -18"><span class='ocrx_word' id='word_1_59' title='bbox 433 1395 571 1458; x_wconf 87' lang='lat' dir='ltr'>illorum</span> <span class='ocrx_word' id='word_1_60' title='bbox 597 1392 763 1456; x_wconf 81' lang='lat' dir='ltr'>nonnullis</span> <span class='ocrx_word' id='word_1_61' title='bbox 785 1392 928 1456; x_wconf 85' lang='lat' dir='ltr'>additum</span> <span class='ocrx_word' id='word_1_62' title='bbox 952 1395 1061 1459; x_wconf 77' lang='lat' dir='ltr'><strong>MON·</strong></span> <span class='ocrx_word' id='word_1_63' title='bbox 1083 1397 1183 1464; x_wconf 80' lang='lat' dir='ltr'>vtttt.</span> <span class='ocrx_word' id='word_1_64' title='bbox 1306 1392 1435 1454; x_wconf 85' lang='lat' dir='ltr'>initium</span> <span class='ocrx_word' id='word_1_65' title='bbox 1457 1406 1579 1476; x_wconf 84' lang='lat' dir='ltr'>cepere</span> <span class='ocrx_word' id='word_1_66' title='bbox 1605 1389 1668 1456; x_wconf 87' lang='lat' dir='ltr'>sub</span> <span class='ocrx_word' id='word_1_67' title='bbox 1692 1393 1849 1476; x_wconf 72' lang='lat' dir='ltr'>Augusto,</span> <span class='ocrx_word' id='word_1_68' title='bbox 1876 1407 1907 1458; x_wconf 83' lang='lat' dir='ltr'>el</span> <span class='ocrx_word' id='word_1_69' title='bbox 1926 1394 1958 1457; x_wconf 88' lang='lat' dir='ltr'>tb</span> 
     </span>
     <span class='ocr_line' id='line_1_10' title="bbox 435 1489 1960 1583; baseline 0.003 -23"><span class='ocrx_word' id='word_1_70' title='bbox 435 1497 493 1560; x_wconf 75' lang='lat' dir='ltr'>ret</span> <span class='ocrx_word' id='word_1_71' title='bbox 519 1493 735 1558; x_wconf 75' lang='lat' dir='ltr'>ANTtOltlA</span> <span class='ocrx_word' id='word_1_72' title='bbox 762 1495 972 1578; x_wconf 78' lang='lat' dir='ltr'>simpliciter,</span> <span class='ocrx_word' id='word_1_73' title='bbox 1006 1519 1184 1583; x_wconf 79' lang='lat' dir='ltr'>suppresso</span> <span class='ocrx_word' id='word_1_74' title='bbox 1241 1489 1306 1556; x_wconf 78' lang='lat' dir='ltr'>hoo</span> <span class='ocrx_word' id='word_1_75' title='bbox 1328 1513 1432 1579; x_wconf 80' lang='lat' dir='ltr'>usqua</span> <span class='ocrx_word' id='word_1_76' title='bbox 1453 1494 1493 1558; x_wconf 81' lang='lat' dir='ltr'>sd</span> <span class='ocrx_word' id='word_1_77' title='bbox 1515 1495 1660 1557; x_wconf 81' lang='lat' dir='ltr'>Nervam</span> <span class='ocrx_word' id='word_1_78' title='bbox 1687 1509 1737 1558; x_wconf 81' lang='lat' dir='ltr'>esc</span> <span class='ocrx_word' id='word_1_79' title='bbox 1760 1495 1793 1556; x_wconf 78' lang='lat' dir='ltr'>in</span> <span class='ocrx_word' id='word_1_80' title='bbox 1812 1495 1905 1560; x_wconf 79' lang='lat' dir='ltr'>antica</span> <span class='ocrx_word' id='word_1_81' title='bbox 1920 1517 1960 1560; x_wconf 79' lang='lat' dir='ltr'>ca·</span> 
     </span>
    </p>

    <p class='ocr_par' dir='ltr' id='par_1_7' title="bbox 366 1595 1962 2397">
     <span class='ocr_line' id='line_1_11' title="bbox 366 1595 1960 1682; baseline -0.001 -20"><span class='ocrx_word' id='word_1_82' title='bbox 366 1670 370 1678; x_wconf 45' lang='grc'><strong><em>,</em></strong></span> <span class='ocrx_word' id='word_1_83' title='bbox 438 1597 588 1662; x_wconf 84' lang='lat' dir='ltr'>coloniae</span> <span class='ocrx_word' id='word_1_84' title='bbox 618 1598 769 1675; x_wconf 87' lang='lat' dir='ltr'>nomine,</span> <span class='ocrx_word' id='word_1_85' title='bbox 805 1619 871 1681; x_wconf 89' lang='lat' dir='ltr'>quo</span> <span class='ocrx_word' id='word_1_86' title='bbox 903 1599 1103 1679; x_wconf 85' lang='lat' dir='ltr'>indicarent,</span> <span class='ocrx_word' id='word_1_87' title='bbox 1142 1621 1186 1666; x_wconf 82' lang='lat' dir='ltr'>ex</span> <span class='ocrx_word' id='word_1_88' title='bbox 1240 1607 1300 1678; x_wconf 88' lang='lat' dir='ltr'>pot</span> <span class='ocrx_word' id='word_1_89' title='bbox 1324 1595 1533 1682; x_wconf 83' lang='lat' dir='ltr'>imperatoris</span> <span class='ocrx_word' id='word_1_90' title='bbox 1558 1595 1667 1660; x_wconf 80' lang='lat' dir='ltr'>addita</span> <span class='ocrx_word' id='word_1_91' title='bbox 1692 1595 1892 1679; x_wconf 69' lang='lat' dir='ltr'>inscriptione</span> <span class='ocrx_word' id='word_1_92' title='bbox 1911 1599 1960 1662; x_wconf 81' lang='lat' dir='ltr'>In·</span> 
     </span>
     <span class='ocr_line' id='line_1_12' title="bbox 437 1684 1961 1790; baseline -0.001 -25"><span class='ocrx_word' id='word_1_93' title='bbox 437 1713 553 1765; x_wconf 75' lang='lat' dir='ltr'>vetere</span> <span class='ocrx_word' id='word_1_94' title='bbox 576 1701 650 1784; x_wconf 88' lang='lat' dir='ltr'>jure</span> <span class='ocrx_word' id='word_1_95' title='bbox 677 1699 843 1785; x_wconf 80' lang='lat' dir='ltr'>propriam</span> <span class='ocrx_word' id='word_1_96' title='bbox 876 1699 961 1786; x_wconf 70' lang='lat' dir='ltr'>spurl</span> <span class='ocrx_word' id='word_1_97' title='bbox 994 1723 1030 1766; x_wconf 81' lang='lat' dir='ltr'>se</span> <span class='ocrx_word' id='word_1_98' title='bbox 1064 1703 1185 1790; x_wconf 69' lang='lat' dir='ltr'>signpri</span> <span class='ocrx_word' id='word_1_99' title='bbox 1240 1697 1328 1778; x_wconf 81' lang='lat' dir='ltr'>tina3</span> <span class='ocrx_word' id='word_1_100' title='bbox 1357 1699 1391 1760; x_wconf 89' lang='lat' dir='ltr'>in</span> <span class='ocrx_word' id='word_1_101' title='bbox 1408 1712 1592 1762; x_wconf 85' lang='lat' dir='ltr'>sterssert</span> <span class='ocrx_word' id='word_1_102' title='bbox 1613 1699 1649 1761; x_wconf 90' lang='lat' dir='ltr'>S.</span> <span class='ocrx_word' id='word_1_103' title='bbox 1667 1699 1704 1762; x_wconf 89' lang='lat' dir='ltr'>C.</span> <span class='ocrx_word' id='word_1_104' title='bbox 1729 1684 1865 1762; x_wconf 82' lang='lat' dir='ltr'>clausum</span> <span class='ocrx_word' id='word_1_105' title='bbox 1883 1720 1961 1764; x_wconf 87' lang='lat' dir='ltr'>coro·</span> 
     </span>
     <span class='ocr_line' id='line_1_13' title="bbox 436 1799 1961 1888; baseline -0.003 -21"><span class='ocrx_word' id='word_1_106' title='bbox 436 1805 627 1888; x_wconf 84' lang='lat' dir='ltr'>pecuniam,</span> <span class='ocrx_word' id='word_1_107' title='bbox 657 1801 861 1888; x_wconf 86' lang='lat' dir='ltr'>etquidem,</span> <span class='ocrx_word' id='word_1_108' title='bbox 892 1802 980 1888; x_wconf 83' lang='lat' dir='ltr'>quod</span> <span class='ocrx_word' id='word_1_109' title='bbox 999 1805 1110 1888; x_wconf 82' lang='lat' dir='ltr'>paucis</span> <span class='ocrx_word' id='word_1_110' title='bbox 1132 1827 1186 1868; x_wconf 88' lang='lat' dir='ltr'>ur·</span> <span class='ocrx_word' id='word_1_111' title='bbox 1242 1821 1283 1863; x_wconf 86' lang='lat' dir='ltr'>ua</span> <span class='ocrx_word' id='word_1_112' title='bbox 1306 1801 1437 1877; x_wconf 80' lang='lat' dir='ltr'>laurea,</span> <span class='ocrx_word' id='word_1_113' title='bbox 1466 1799 1571 1864; x_wconf 84' lang='lat' dir='ltr'>rurius</span> <span class='ocrx_word' id='word_1_114' title='bbox 1597 1799 1660 1862; x_wconf 79' lang='lat' dir='ltr'>solt</span> <span class='ocrx_word' id='word_1_115' title='bbox 1685 1802 1829 1882; x_wconf 75' lang='lat' dir='ltr'>Augusto</span> <span class='ocrx_word' id='word_1_116' title='bbox 1850 1821 1961 1886; x_wconf 82' lang='lat' dir='ltr'>querna,</span> 
     </span>
     <span class='ocr_line' id='line_1_14' title="bbox 432 1899 1944 1991; baseline -0.001 -23"><span class='ocrx_word' id='word_1_117' title='bbox 432 1903 532 1968; x_wconf 76' lang='lat' dir='ltr'>itibus</span> <span class='ocrx_word' id='word_1_118' title='bbox 566 1922 778 1978; x_wconf 84' lang='lat' dir='ltr'>concessum,</span> <span class='ocrx_word' id='word_1_119' title='bbox 809 1919 998 1986; x_wconf 86' lang='lat' dir='ltr'>argenteam</span> <span class='ocrx_word' id='word_1_120' title='bbox 1031 1927 1184 1991; x_wconf 87' lang='lat' dir='ltr'>quoquo,</span> <span class='ocrx_word' id='word_1_121' title='bbox 1243 1899 1334 1984; x_wconf 83' lang='lat' dir='ltr'>cujus</span> <span class='ocrx_word' id='word_1_122' title='bbox 1353 1902 1679 1985; x_wconf 78' lang='lat' dir='ltr'>generissuntaputl</span> <span class='ocrx_word' id='word_1_123' title='bbox 1697 1903 1944 1986; x_wconf 61' lang='lat' dir='ltr'>Pelleriniom·l</span> 
     </span>
     <span class='ocr_line' id='line_1_15' title="bbox 436 2003 1962 2092; baseline -0.001 -23"><span class='ocrx_word' id='word_1_124' title='bbox 436 2023 511 2070; x_wconf 89' lang='lat' dir='ltr'>cum</span> <span class='ocrx_word' id='word_1_125' title='bbox 533 2006 644 2069; x_wconf 91' lang='lat' dir='ltr'>coloni</span> <span class='ocrx_word' id='word_1_126' title='bbox 669 2027 759 2069; x_wconf 89' lang='lat' dir='ltr'>suum</span> <span class='ocrx_word' id='word_1_127' title='bbox 782 2005 893 2068; x_wconf 87' lang='lat' dir='ltr'>addito</span> <span class='ocrx_word' id='word_1_128' title='bbox 917 2027 1051 2090; x_wconf 87' lang='lat' dir='ltr'>semper</span> <span class='ocrx_word' id='word_1_129' title='bbox 1074 2005 1184 2076; x_wconf 75' lang='lat' dir='ltr'><strong>KOA.</strong></span> <span class='ocrx_word' id='word_1_130' title='bbox 1306 2005 1378 2070; x_wconf 82' lang='lat' dir='ltr'>Vna</span> <span class='ocrx_word' id='word_1_131' title='bbox 1404 2024 1478 2068; x_wconf 89' lang='lat' dir='ltr'>cum</span> <span class='ocrx_word' id='word_1_132' title='bbox 1501 2003 1644 2087; x_wconf 80' lang='lat' dir='ltr'>Trajuno</span> <span class='ocrx_word' id='word_1_133' title='bbox 1673 2005 1788 2090; x_wconf 85' lang='lat' dir='ltr'>incipit</span> <span class='ocrx_word' id='word_1_134' title='bbox 1808 2007 1908 2092; x_wconf 84' lang='lat' dir='ltr'>cupitis</span> <span class='ocrx_word' id='word_1_135' title='bbox 1925 2007 1962 2068; x_wconf 88' lang='lat' dir='ltr'>iu·</span> 
     </span>
     <span class='ocr_line' id='line_1_16' title="bbox 429 2105 1959 2192; baseline 0 -22"><span class='ocrx_word' id='word_1_136' title='bbox 429 2105 691 2192; x_wconf 73' lang='lat' dir='ltr'>&#39;distinguerent,</span> <span class='ocrx_word' id='word_1_137' title='bbox 713 2121 747 2172; x_wconf 86' lang='lat' dir='ltr'>et</span> <span class='ocrx_word' id='word_1_138' title='bbox 766 2106 896 2170; x_wconf 88' lang='lat' dir='ltr'>nonnisi</span> <span class='ocrx_word' id='word_1_139' title='bbox 915 2127 1016 2172; x_wconf 79' lang='lat' dir='ltr'>tenca</span> <span class='ocrx_word' id='word_1_140' title='bbox 1036 2129 1078 2174; x_wconf 82' lang='lat' dir='ltr'>ex</span> <span class='ocrx_word' id='word_1_141' title='bbox 1095 2109 1185 2176; x_wconf 80' lang='lat' dir='ltr'>eolc-</span> <span class='ocrx_word' id='word_1_142' title='bbox 1242 2105 1379 2188; x_wconf 78' lang='lat' dir='ltr'>ocriptio</span> <span class='ocrx_word' id='word_1_143' title='bbox 1397 2105 1540 2185; x_wconf 83' lang='lat' dir='ltr'>Graeca,</span> <span class='ocrx_word' id='word_1_144' title='bbox 1560 2121 1594 2171; x_wconf 85' lang='lat' dir='ltr'>et</span> <span class='ocrx_word' id='word_1_145' title='bbox 1611 2119 1803 2191; x_wconf 71' lang='lat' dir='ltr'>pernoverit</span> <span class='ocrx_word' id='word_1_146' title='bbox 1820 2106 1959 2190; x_wconf 76' lang='lat' dir='ltr'>deinceps</span> 
     </span>
     <span class='ocr_line' id='line_1_17' title="bbox 427 2209 1961 2295; baseline 0.001 -25"><span class='ocrx_word' id='word_1_147' title='bbox 427 2211 563 2274; x_wconf 72' lang='lat' dir='ltr'>‚uiarum</span> <span class='ocrx_word' id='word_1_148' title='bbox 582 2209 731 2273; x_wconf 85' lang='lat' dir='ltr'>instituto</span> <span class='ocrx_word' id='word_1_149' title='bbox 743 2221 932 2274; x_wconf 86' lang='lat' dir='ltr'>uterentur.</span> <span class='ocrx_word' id='word_1_150' title='bbox 1243 2209 1367 2270; x_wconf 80' lang='lat' dir='ltr'>Tamen</span> <span class='ocrx_word' id='word_1_151' title='bbox 1391 2229 1523 2270; x_wconf 84' lang='lat' dir='ltr'>numum</span> <span class='ocrx_word' id='word_1_152' title='bbox 1539 2209 1584 2276; x_wconf 73' lang='lat' dir='ltr'>L.</span> <span class='ocrx_word' id='word_1_153' title='bbox 1598 2210 1684 2273; x_wconf 88' lang='lat' dir='ltr'>Veri</span> <span class='ocrx_word' id='word_1_154' title='bbox 1708 2230 1781 2274; x_wconf 90' lang='lat' dir='ltr'>cum</span> <span class='ocrx_word' id='word_1_155' title='bbox 1805 2209 1961 2295; x_wconf 84' lang='lat' dir='ltr'>epigraphe</span> 
     </span>
     <span class='ocr_line' id='line_1_18' title="bbox 430 2309 1681 2397; baseline 0.003 -25"><span class='ocrx_word' id='word_1_156' title='bbox 430 2311 433 2318; x_wconf 88' lang='lat'>&#39;</span> <span class='ocrx_word' id='word_1_157' title='bbox 498 2309 624 2375; x_wconf 85' lang='lat' dir='ltr'>Numos</span> <span class='ocrx_word' id='word_1_158' title='bbox 639 2313 826 2397; x_wconf 71' lang='lat' dir='ltr'>Vespasiani</span> <span class='ocrx_word' id='word_1_159' title='bbox 843 2316 917 2376; x_wconf 90' lang='lat' dir='ltr'>loco</span> <span class='ocrx_word' id='word_1_160' title='bbox 931 2311 979 2376; x_wconf 75' lang='lat'>13.</span> <span class='ocrx_word' id='word_1_161' title='bbox 999 2311 1185 2396; x_wconf 81' lang='lat' dir='ltr'>descriptor</span> <span class='ocrx_word' id='word_1_162' title='bbox 1239 2309 1355 2373; x_wconf 79' lang='lat' dir='ltr'>Latius</span> <span class='ocrx_word' id='word_1_163' title='bbox 1375 2313 1501 2394; x_wconf 87' lang='lat' dir='ltr'>reperit</span> <span class='ocrx_word' id='word_1_164' title='bbox 1519 2312 1681 2376; x_wconf 80' lang='lat' dir='ltr'>sentinus.</span> 
     </span>
    </p>

    <p class='ocr_par' dir='ltr' id='par_1_8' title="bbox 427 2411 2050 3222">
     <span class='ocr_line' id='line_1_19' title="bbox 431 2411 1961 2499; baseline -0.001 -23"><span class='ocrx_word' id='word_1_165' title='bbox 431 2415 511 2476; x_wconf 79' lang='lat' dir='ltr'>&#39;trum</span> <span class='ocrx_word' id='word_1_166' title='bbox 528 2413 658 2476; x_wconf 87' lang='lat' dir='ltr'>insolita</span> <span class='ocrx_word' id='word_1_167' title='bbox 674 2415 854 2499; x_wconf 78' lang='lat' dir='ltr'>epigraphe</span> <span class='ocrx_word' id='word_1_168' title='bbox 871 2413 972 2481; x_wconf 73' lang='grc' dir='ltr'>(3οῩ.</span> <span class='ocrx_word' id='word_1_169' title='bbox 989 2413 1183 2482; x_wconf 80' lang='lat' dir='ltr'><strong>NEPOVA.</strong></span> <span class='ocrx_word' id='word_1_170' title='bbox 1303 2411 1373 2476; x_wconf 83' lang='lat' dir='ltr'>Sub</span> <span class='ocrx_word' id='word_1_171' title='bbox 1390 2413 1499 2478; x_wconf 79' lang='lat' dir='ltr'>Nerva</span> <span class='ocrx_word' id='word_1_172' title='bbox 1519 2413 1650 2476; x_wconf 74' lang='lat' dir='ltr'>litterae</span> <span class='ocrx_word' id='word_1_173' title='bbox 1667 2413 1828 2477; x_wconf 82' lang='lat' dir='ltr'>solitariae</span> <span class='ocrx_word' id='word_1_174' title='bbox 1842 2412 1961 2497; x_wconf 80' lang='lat' dir='ltr'>inputa</span> 
     </span>
     <span class='ocr_line' id='line_1_20' title="bbox 427 2514 2050 2600; baseline -0.001 -23"><span class='ocrx_word' id='word_1_175' title='bbox 427 2533 512 2578; x_wconf 85' lang='lat' dir='ltr'>-csse</span> <span class='ocrx_word' id='word_1_176' title='bbox 544 2515 787 2592; x_wconf 77' lang='lat' dir='ltr'>Antiochense,</span> <span class='ocrx_word' id='word_1_177' title='bbox 824 2529 859 2578; x_wconf 89' lang='lat' dir='ltr'>et</span> <span class='ocrx_word' id='word_1_178' title='bbox 884 2514 1096 2598; x_wconf 86' lang='lat' dir='ltr'>&#39;perturbatas</span> <span class='ocrx_word' id='word_1_179' title='bbox 1126 2515 1184 2580; x_wconf 82' lang='lat' dir='ltr'>itas</span> <span class='ocrx_word' id='word_1_180' title='bbox 1240 2534 1354 2578; x_wconf 79' lang='lat' dir='ltr'>aversa</span> <span class='ocrx_word' id='word_1_181' title='bbox 1384 2533 1579 2600; x_wconf 83' lang='lat' dir='ltr'>comparere</span> <span class='ocrx_word' id='word_1_182' title='bbox 1606 2515 1778 2600; x_wconf 88' lang='lat' dir='ltr'>incipiunt.</span> <span class='ocrx_word' id='word_1_183' title='bbox 1820 2515 1879 2578; x_wconf 78' lang='lat' dir='ltr'>Eur</span> <span class='ocrx_word' id='word_1_184' title='bbox 1904 2533 1961 2577; x_wconf 81' lang='lat' dir='ltr'>csse</span> <span class='ocrx_word' id='word_1_185' title='bbox 2049 2517 2050 2520; x_wconf 72' lang='grc'>’</span> 
     </span>
     <span class='ocr_line' id='line_1_21' title="bbox 433 2613 1962 2700; baseline 0.003 -25"><span class='ocrx_word' id='word_1_186' title='bbox 433 2615 564 2679; x_wconf 84' lang='lat' dir='ltr'>litteras</span> <span class='ocrx_word' id='word_1_187' title='bbox 580 2615 667 2679; x_wconf 84' lang='lat' dir='ltr'>idern</span> <span class='ocrx_word' id='word_1_188' title='bbox 686 2617 887 2700; x_wconf 75' lang='lat' dir='ltr'>significare,</span> <span class='ocrx_word' id='word_1_189' title='bbox 912 2615 1000 2699; x_wconf 85' lang='lat' dir='ltr'>quod</span> <span class='ocrx_word' id='word_1_190' title='bbox 1020 2613 1183 2682; x_wconf 83' lang='lat' dir='ltr'><strong>ETOTC.</strong></span> <span class='ocrx_word' id='word_1_191' title='bbox 1240 2616 1482 2680; x_wconf 79' lang='lat' dir='ltr'>arithmethicae</span> <span class='ocrx_word' id='word_1_192' title='bbox 1504 2617 1639 2680; x_wconf 86' lang='lat' dir='ltr'>dubium</span> <span class='ocrx_word' id='word_1_193' title='bbox 1664 2639 1730 2679; x_wconf 90' lang='lat' dir='ltr'>non</span> <span class='ocrx_word' id='word_1_194' title='bbox 1747 2630 1819 2696; x_wconf 81' lang='lat' dir='ltr'>ert,</span> <span class='ocrx_word' id='word_1_195' title='bbox 1838 2637 1903 2681; x_wconf 85' lang='lat' dir='ltr'>num</span> <span class='ocrx_word' id='word_1_196' title='bbox 1921 2615 1962 2680; x_wconf 89' lang='lat' dir='ltr'>ltt·</span> 
     </span>
     <span class='ocr_line' id='line_1_22' title="bbox 435 2711 1961 2806; baseline -0.001 -27"><span class='ocrx_word' id='word_1_197' title='bbox 435 2711 575 2780; x_wconf 75' lang='lat' dir='ltr'>rtttot.</span> <span class='ocrx_word' id='word_1_198' title='bbox 602 2715 751 2781; x_wconf 86' lang='lat' dir='ltr'>lEPOT.</span> <span class='ocrx_word' id='word_1_199' title='bbox 774 2715 830 2794; x_wconf 87' lang='grc' dir='ltr'>Δ.,</span> <span class='ocrx_word' id='word_1_200' title='bbox 862 2717 1030 2800; x_wconf 77' lang='lat' dir='ltr'>colligitur</span> <span class='ocrx_word' id='word_1_201' title='bbox 1059 2737 1100 2780; x_wconf 81' lang='lat' dir='ltr'>cx</span> <span class='ocrx_word' id='word_1_202' title='bbox 1128 2739 1186 2780; x_wconf 88' lang='lat' dir='ltr'>nu·</span> <span class='ocrx_word' id='word_1_203' title='bbox 1239 2717 1354 2780; x_wconf 82' lang='lat' dir='ltr'>bemus</span> <span class='ocrx_word' id='word_1_204' title='bbox 1382 2718 1416 2780; x_wconf 92' lang='lat' dir='ltr'>irt</span> <span class='ocrx_word' id='word_1_205' title='bbox 1446 2717 1497 2780; x_wconf 87' lang='lat' dir='ltr'>itis</span> <span class='ocrx_word' id='word_1_206' title='bbox 1526 2730 1577 2796; x_wconf 62' lang='lat' dir='ltr'>pt,</span> <span class='ocrx_word' id='word_1_207' title='bbox 1608 2719 1700 2806; x_wconf 81' lang='lat' dir='ltr'>quod</span> <span class='ocrx_word' id='word_1_208' title='bbox 1728 2735 1779 2786; x_wconf 83' lang='lat' dir='ltr'>est</span> <span class='ocrx_word' id='word_1_209' title='bbox 1802 2720 1961 2804; x_wconf 76' lang='lat' dir='ltr'>epicenon,</span> 
     </span>
     <span class='ocr_line' id='line_1_23' title="bbox 434 2817 1557 2904; baseline 0.005 -26"><span class='ocrx_word' id='word_1_210' title='bbox 434 2819 498 2904; x_wconf 83' lang='lat' dir='ltr'>mis</span> <span class='ocrx_word' id='word_1_211' title='bbox 532 2818 808 2901; x_wconf 76' lang='lat' dir='ltr'>praecedentibus</span> <span class='ocrx_word' id='word_1_212' title='bbox 839 2817 905 2882; x_wconf 89' lang='lat' dir='ltr'>loci</span> <span class='ocrx_word' id='word_1_213' title='bbox 938 2837 993 2896; x_wconf 83' lang='lat' dir='ltr'>ra,</span> <span class='ocrx_word' id='word_1_214' title='bbox 1034 2835 1068 2884; x_wconf 89' lang='lat' dir='ltr'>et</span> <span class='ocrx_word' id='word_1_215' title='bbox 1098 2839 1186 2884; x_wconf 87' lang='lat' dir='ltr'>coru·</span> <span class='ocrx_word' id='word_1_216' title='bbox 1237 2819 1320 2883; x_wconf 86' lang='lat' dir='ltr'>item</span> <span class='ocrx_word' id='word_1_217' title='bbox 1338 2817 1397 2887; x_wconf 74' lang='lat' dir='ltr'>tn.</span> <span class='ocrx_word' id='word_1_218' title='bbox 1415 2817 1472 2883; x_wconf 83' lang='lat' dir='ltr'>tr.</span> <span class='ocrx_word' id='word_1_219' title='bbox 1495 2833 1557 2884; x_wconf 85' lang='lat' dir='ltr'>etc.</span> 
     </span>
     <span class='ocr_line' id='line_1_24' title="bbox 437 2917 2049 3008; baseline -0.002 -26"><span class='ocrx_word' id='word_1_220' title='bbox 437 2917 597 3002; x_wconf 84' lang='lat' dir='ltr'>probatur</span> <span class='ocrx_word' id='word_1_221' title='bbox 629 2938 647 2982; x_wconf 84' lang='lat' dir='ltr'>a</span> <span class='ocrx_word' id='word_1_222' title='bbox 676 2939 729 2982; x_wconf 89' lang='lat' dir='ltr'>mc</span> <span class='ocrx_word' id='word_1_223' title='bbox 759 2919 893 2982; x_wconf 86' lang='lat' dir='ltr'>uberius</span> <span class='ocrx_word' id='word_1_224' title='bbox 926 2919 961 2982; x_wconf 88' lang='lat' dir='ltr'>ic</span> <span class='ocrx_word' id='word_1_225' title='bbox 991 2922 1127 3006; x_wconf 77' lang='lat' dir='ltr'>Sylloge</span> <span class='ocrx_word' id='word_1_226' title='bbox 1157 2923 1183 2986; x_wconf 85' lang='grc' dir='ltr'>Ι.</span> <span class='ocrx_word' id='word_1_227' title='bbox 1304 2921 1384 2984; x_wconf 86' lang='lat' dir='ltr'>lutle</span> <span class='ocrx_word' id='word_1_228' title='bbox 1413 2919 1454 2984; x_wconf 88' lang='lat' dir='ltr'>ab</span> <span class='ocrx_word' id='word_1_229' title='bbox 1484 2921 1653 2986; x_wconf 82' lang='lat' dir='ltr'>Antonino</span> <span class='ocrx_word' id='word_1_230' title='bbox 1682 2937 1816 3008; x_wconf 84' lang='lat' dir='ltr'>praeter</span> <span class='ocrx_word' id='word_1_231' title='bbox 1843 2921 1960 2984; x_wconf 82' lang='lat' dir='ltr'>litteren</span> <span class='ocrx_word' id='word_1_232' title='bbox 2048 2955 2049 2978; x_wconf 88' lang='lat' dir='ltr'>t</span> 
     </span>
     <span class='ocr_line' id='line_1_25' title="bbox 437 3013 2049 3110; baseline 0.001 -24"><span class='ocrx_word' id='word_1_233' title='bbox 437 3043 469 3106; x_wconf 89' lang='lat' dir='ltr'>p.</span> <span class='ocrx_word' id='word_1_234' title='bbox 483 3023 536 3106; x_wconf 80' lang='lat'>78.</span> <span class='ocrx_word' id='word_1_235' title='bbox 557 3041 622 3106; x_wconf 86' lang='lat' dir='ltr'>quo</span> <span class='ocrx_word' id='word_1_236' title='bbox 640 3020 716 3084; x_wconf 94' lang='lat' dir='ltr'>loco</span> <span class='ocrx_word' id='word_1_237' title='bbox 731 3013 849 3086; x_wconf 82' lang='lat' dir='ltr'>horum</span> <span class='ocrx_word' id='word_1_238' title='bbox 869 3043 967 3085; x_wconf 92' lang='lat' dir='ltr'>unum</span> <span class='ocrx_word' id='word_1_239' title='bbox 982 3023 1091 3096; x_wconf 77' lang='lat' dir='ltr'>editt.</span> <span class='ocrx_word' id='word_1_240' title='bbox 1114 3037 1184 3086; x_wconf 88' lang='lat' dir='ltr'>tum</span> <span class='ocrx_word' id='word_1_241' title='bbox 1237 3019 1418 3088; x_wconf 79' lang='lat' dir='ltr'>solitariam</span> <span class='ocrx_word' id='word_1_242' title='bbox 1441 3024 1640 3108; x_wconf 82' lang='lat' dir='ltr'>frequenter</span> <span class='ocrx_word' id='word_1_243' title='bbox 1666 3023 1798 3090; x_wconf 83' lang='lat' dir='ltr'>inferne</span> <span class='ocrx_word' id='word_1_244' title='bbox 1820 3037 1961 3110; x_wconf 78' lang='lat' dir='ltr'>comperet</span> <span class='ocrx_word' id='word_1_245' title='bbox 2048 3027 2049 3060; x_wconf 62' lang='lat' dir='ltr'>l</span> 
     </span>
     <span class='ocr_line' id='line_1_26' title="bbox 436 3121 1699 3222; baseline 0.003 -37"><span class='ocrx_word' id='word_1_246' title='bbox 436 3136 471 3185; x_wconf 88' lang='lat' dir='ltr'>et</span> <span class='ocrx_word' id='word_1_247' title='bbox 488 3121 686 3187; x_wconf 84' lang='lat' dir='ltr'>indoctrinu</span> <span class='ocrx_word' id='word_1_248' title='bbox 705 3123 754 3188; x_wconf 84' lang='lat' dir='ltr'>-de</span> <span class='ocrx_word' id='word_1_249' title='bbox 776 3123 882 3188; x_wconf 79' lang='lat' dir='ltr'>numia</span> <span class='ocrx_word' id='word_1_250' title='bbox 905 3143 979 3188; x_wconf 90' lang='lat' dir='ltr'>cum</span> <span class='ocrx_word' id='word_1_251' title='bbox 1002 3125 1186 3222; x_wconf 72' lang='lat' dir='ltr'>inpcriptic·</span> <span class='ocrx_word' id='word_1_252' title='bbox 1242 3125 1358 3211; x_wconf 79' lang='lat' dir='ltr'>aguila.</span> <span class='ocrx_word' id='word_1_253' title='bbox 1693 3123 1699 3130; x_wconf 79' lang='grc'><strong>’</strong></span> 
     </span>
    </p>

    <p class='ocr_par' dir='ltr' id='par_1_9' title="bbox 389 3225 1962 3412">
     <span class='ocr_line' id='line_1_27' title="bbox 389 3225 1962 3312; baseline 0.001 -25"><span class='ocrx_word' id='word_1_254' title='bbox 389 3231 391 3238; x_wconf 83' lang='grc'><strong>“</strong></span> <span class='ocrx_word' id='word_1_255' title='bbox 436 3243 480 3288; x_wconf 88' lang='lat' dir='ltr'>ue</span> <span class='ocrx_word' id='word_1_256' title='bbox 506 3227 589 3287; x_wconf 82' lang='lat' dir='ltr'>anni</span> <span class='ocrx_word' id='word_1_257' title='bbox 611 3227 690 3289; x_wconf 80' lang='lat' dir='ltr'>noui</span> <span class='ocrx_word' id='word_1_258' title='bbox 713 3231 821 3302; x_wconf 72' lang='lat' dir='ltr'>tucri,</span> <span class='ocrx_word' id='word_1_259' title='bbox 847 3248 943 3312; x_wconf 83' lang='lat' dir='ltr'>quum</span> <span class='ocrx_word' id='word_1_260' title='bbox 962 3227 1109 3291; x_wconf 81' lang='lat' dir='ltr'>dabimus</span> <span class='ocrx_word' id='word_1_261' title='bbox 1129 3248 1184 3294; x_wconf 83' lang='lat' dir='ltr'>ro·</span> <span class='ocrx_word' id='word_1_262' title='bbox 1303 3225 1373 3290; x_wconf 82' lang='lat' dir='ltr'>Sub</span> <span class='ocrx_word' id='word_1_263' title='bbox 1389 3229 1437 3294; x_wconf 71' lang='lat' dir='ltr'>et.</span> <span class='ocrx_word' id='word_1_264' title='bbox 1453 3227 1591 3292; x_wconf 71' lang='lat' dir='ltr'>Aurelio</span> <span class='ocrx_word' id='word_1_265' title='bbox 1611 3227 1697 3293; x_wconf 83' lang='lat' dir='ltr'>itueo</span> <span class='ocrx_word' id='word_1_266' title='bbox 1716 3249 1880 3297; x_wconf 75' lang='lat' dir='ltr'>nemorum</span> <span class='ocrx_word' id='word_1_267' title='bbox 1900 3225 1962 3290; x_wconf 74' lang='lat' dir='ltr'>clas</span> 
     </span>
     <span class='ocr_line' id='line_1_28' title="bbox 437 3321 1960 3412; baseline -0.002 -22"><span class='ocrx_word' id='word_1_268' title='bbox 437 3321 630 3394; x_wconf 71' lang='lat' dir='ltr'>luminelv.</span> <span class='ocrx_word' id='word_1_269' title='bbox 1230 3331 1284 3392; x_wconf 74' lang='lat' dir='ltr'>uis</span> <span class='ocrx_word' id='word_1_270' title='bbox 1305 3329 1416 3412; x_wconf 85' lang='lat' dir='ltr'>coepit</span> <span class='ocrx_word' id='word_1_271' title='bbox 1437 3328 1601 3407; x_wconf 80' lang='lat' dir='ltr'>delicere,</span> <span class='ocrx_word' id='word_1_272' title='bbox 1632 3345 1671 3394; x_wconf 86' lang='lat' dir='ltr'>et</span> <span class='ocrx_word' id='word_1_273' title='bbox 1700 3331 1829 3394; x_wconf 83' lang='lat' dir='ltr'>nonnisi</span> <span class='ocrx_word' id='word_1_274' title='bbox 1854 3329 1960 3392; x_wconf 87' lang='lat' dir='ltr'>unicum</span> 
     </span>
    </p>

    <p class='ocr_par' dir='ltr' id='par_1_10' title="bbox 488 3407 1962 3515">
     <span class='ocr_line' id='line_1_29' title="bbox 488 3407 1962 3515; baseline -0.004 -19"><span class='ocrx_word' id='word_1_275' title='bbox 488 3427 496 3440; x_wconf 71' lang='grc'><strong>’</strong></span> <span class='ocrx_word' id='word_1_276' title='bbox 687 3459 715 3496; x_wconf 62' lang='lat' dir='ltr'><em>a</em></span> <span class='ocrx_word' id='word_1_277' title='bbox 799 3407 818 3449; x_wconf 65' lang='lat'><strong><em>⁴</em></strong></span> <span class='ocrx_word' id='word_1_278' title='bbox 903 3457 923 3498; x_wconf 77' lang='lat' dir='ltr'>s</span> <span class='ocrx_word' id='word_1_279' title='bbox 1229 3429 1396 3494; x_wconf 63' lang='lat' dir='ltr'>:hactenus</span> <span class='ocrx_word' id='word_1_280' title='bbox 1417 3431 1600 3494; x_wconf 84' lang='lat' dir='ltr'>Commodo</span> <span class='ocrx_word' id='word_1_281' title='bbox 1621 3431 1765 3496; x_wconf 84' lang='lat' dir='ltr'>dicatum</span> <span class='ocrx_word' id='word_1_282' title='bbox 1782 3433 1860 3508; x_wconf 77' lang='lat' dir='ltr'>riti,</span> <span class='ocrx_word' id='word_1_283' title='bbox 1884 3447 1962 3515; x_wconf 84' lang='lat' dir='ltr'>quent</span> 
     </span>
    </p>

    <p class='ocr_par' dir='ltr' id='par_1_11' title="bbox 370 3523 2048 4333">
     <span class='ocr_line' id='line_1_30' title="bbox 370 3523 1963 3616; baseline 0 -26"><span class='ocrx_word' id='word_1_284' title='bbox 370 3523 372 3530; x_wconf 71' lang='lat'>&#39;</span> <span class='ocrx_word' id='word_1_285' title='bbox 497 3529 636 3593; x_wconf 84' lang='lat' dir='ltr'>Praeter</span> <span class='ocrx_word' id='word_1_286' title='bbox 654 3529 769 3594; x_wconf 84' lang='lat' dir='ltr'>citatos</span> <span class='ocrx_word' id='word_1_287' title='bbox 789 3531 849 3595; x_wconf 87' lang='lat' dir='ltr'>ltos</span> <span class='ocrx_word' id='word_1_288' title='bbox 868 3551 985 3596; x_wconf 84' lang='lat' dir='ltr'>numos</span> <span class='ocrx_word' id='word_1_289' title='bbox 1010 3531 1105 3596; x_wconf 84' lang='lat' dir='ltr'>multi</span> <span class='ocrx_word' id='word_1_290' title='bbox 1127 3531 1189 3598; x_wconf 76' lang='lat' dir='ltr'>art--</span> <span class='ocrx_word' id='word_1_291' title='bbox 1234 3553 1345 3616; x_wconf 69' lang='lat' dir='ltr'>⁴nuper</span> <span class='ocrx_word' id='word_1_292' title='bbox 1363 3553 1477 3597; x_wconf 87' lang='lat' dir='ltr'>moseo</span> <span class='ocrx_word' id='word_1_293' title='bbox 1493 3533 1660 3598; x_wconf 85' lang='lat' dir='ltr'>Caesareo</span> <span class='ocrx_word' id='word_1_294' title='bbox 1679 3536 1786 3600; x_wconf 76' lang='lat' dir='ltr'>intuli</span> <span class='ocrx_word' id='word_1_295' title='bbox 1813 3535 1963 3596; x_wconf 66' lang='lat' dir='ltr'>Tameuet</span> 
     </span>
     <span class='ocr_line' id='line_1_31' title="bbox 426 3631 2048 3721; baseline 0.001 -27"><span class='ocrx_word' id='word_1_296' title='bbox 426 3631 501 3694; x_wconf 62' lang='lat' dir='ltr'>ssltue</span> <span class='ocrx_word' id='word_1_297' title='bbox 529 3631 584 3693; x_wconf 86' lang='lat' dir='ltr'>alii</span> <span class='ocrx_word' id='word_1_298' title='bbox 610 3646 738 3695; x_wconf 82' lang='lat' dir='ltr'>exstant</span> <span class='ocrx_word' id='word_1_299' title='bbox 759 3635 909 3716; x_wconf 87' lang='lat' dir='ltr'>argentei</span> <span class='ocrx_word' id='word_1_300' title='bbox 929 3637 1108 3720; x_wconf 80' lang='lat' dir='ltr'>sensique,</span> <span class='ocrx_word' id='word_1_301' title='bbox 1135 3636 1182 3696; x_wconf 90' lang='lat' dir='ltr'>in·</span> <span class='ocrx_word' id='word_1_302' title='bbox 1232 3635 1358 3698; x_wconf 84' lang='lat' dir='ltr'>·Sereri</span> <span class='ocrx_word' id='word_1_303' title='bbox 1377 3635 1471 3698; x_wconf 89' lang='lat' dir='ltr'>binos</span> <span class='ocrx_word' id='word_1_304' title='bbox 1488 3657 1596 3720; x_wconf 84' lang='lat' dir='ltr'>nuper</span> <span class='ocrx_word' id='word_1_305' title='bbox 1617 3638 1749 3721; x_wconf 84' lang='lat' dir='ltr'>reperit</span> <span class='ocrx_word' id='word_1_306' title='bbox 1770 3637 1810 3702; x_wconf 85' lang='lat' dir='ltr'>cl.</span> <span class='ocrx_word' id='word_1_307' title='bbox 1828 3633 1961 3699; x_wconf 79' lang='lat' dir='ltr'>Sustinet·</span> <span class='ocrx_word' id='word_1_308' title='bbox 2047 3639 2048 3648; x_wconf 75' lang='grc'>’</span> 
     </span>
     <span class='ocr_line' id='line_1_32' title="bbox 436 3731 1962 3820; baseline 0 -24"><span class='ocrx_word' id='word_1_309' title='bbox 436 3731 550 3818; x_wconf 81' lang='lat' dir='ltr'>scripti</span> <span class='ocrx_word' id='word_1_310' title='bbox 569 3733 614 3794; x_wconf 87' lang='lat' dir='ltr'>lri</span> <span class='ocrx_word' id='word_1_311' title='bbox 641 3753 772 3820; x_wconf 77' lang='lat' dir='ltr'>quoque</span> <span class='ocrx_word' id='word_1_312' title='bbox 804 3732 1018 3800; x_wconf 76' lang='lat' dir='ltr'>ettMttt’tt.</span> <span class='ocrx_word' id='word_1_313' title='bbox 1047 3733 1103 3799; x_wconf 83' lang='grc' dir='ltr'>ΕΞ</span> <span class='ocrx_word' id='word_1_314' title='bbox 1128 3767 1143 3786; x_wconf 93' lang='lat'><strong>·</strong></span> <span class='ocrx_word' id='word_1_315' title='bbox 1162 3769 1183 3787; x_wconf 62' lang='grc' dir='ltr'><strong><em>ο</em></strong></span> <span class='ocrx_word' id='word_1_316' title='bbox 1231 3736 1425 3800; x_wconf 66' lang='lat' dir='ltr'>ffiiberalius</span> <span class='ocrx_word' id='word_1_317' title='bbox 1445 3738 1584 3802; x_wconf 79' lang='lat' dir='ltr'>uubintle</span> <span class='ocrx_word' id='word_1_318' title='bbox 1608 3739 1671 3802; x_wconf 84' lang='lat' dir='ltr'>sub</span> <span class='ocrx_word' id='word_1_319' title='bbox 1694 3737 1853 3802; x_wconf 81' lang='lat' dir='ltr'>Caracalla</span> <span class='ocrx_word' id='word_1_320' title='bbox 1873 3751 1962 3796; x_wconf 67' lang='lat' dir='ltr'>rente</span> 
     </span>
     <span class='ocr_line' id='line_1_33' title="bbox 422 3827 1962 3924; baseline 0.001 -29"><span class='ocrx_word' id='word_1_321' title='bbox 422 3827 583 3912; x_wconf 69' lang='lat' dir='ltr'>mar.</span> <span class='ocrx_word' id='word_1_322' title='bbox 606 3865 622 3884; x_wconf 91' lang='lat'><strong>·</strong></span> <span class='ocrx_word' id='word_1_323' title='bbox 643 3835 702 3898; x_wconf 77' lang='lat' dir='ltr'>recl</span> <span class='ocrx_word' id='word_1_324' title='bbox 722 3857 797 3900; x_wconf 87' lang='lat' dir='ltr'>curn</span> <span class='ocrx_word' id='word_1_325' title='bbox 818 3839 915 3903; x_wconf 81' lang='lat' dir='ltr'>variis</span> <span class='ocrx_word' id='word_1_326' title='bbox 936 3839 1021 3923; x_wconf 73' lang='lat' dir='ltr'>typis</span> <span class='ocrx_word' id='word_1_327' title='bbox 1039 3837 1184 3924; x_wconf 86' lang='lat' dir='ltr'>plerum·</span> <span class='ocrx_word' id='word_1_328' title='bbox 1239 3839 1334 3903; x_wconf 85' lang='lat' dir='ltr'>citur.</span> <span class='ocrx_word' id='word_1_329' title='bbox 1363 3839 1444 3924; x_wconf 85' lang='lat' dir='ltr'>Ejus</span> <span class='ocrx_word' id='word_1_330' title='bbox 1462 3859 1591 3903; x_wconf 83' lang='lat' dir='ltr'>causam</span> <span class='ocrx_word' id='word_1_331' title='bbox 1608 3841 1823 3906; x_wconf 73' lang='lat' dir='ltr'>verisimilem</span> <span class='ocrx_word' id='word_1_332' title='bbox 1845 3849 1962 3924; x_wconf 83' lang='lat' dir='ltr'>putrer</span> 
     </span>
     <span class='ocr_line' id='line_1_34' title="bbox 426 3935 1691 4028; baseline 0.006 -32"><span class='ocrx_word' id='word_1_333' title='bbox 426 3951 502 4028; x_wconf 71' lang='lat' dir='ltr'>¹ttue</span> <span class='ocrx_word' id='word_1_334' title='bbox 530 3935 729 4016; x_wconf 82' lang='lat' dir='ltr'>symbolicis.</span> <span class='ocrx_word' id='word_1_335' title='bbox 762 3941 887 4004; x_wconf 84' lang='lat' dir='ltr'>Eorum</span> <span class='ocrx_word' id='word_1_336' title='bbox 909 3941 1013 4024; x_wconf 84' lang='lat' dir='ltr'>major</span> <span class='ocrx_word' id='word_1_337' title='bbox 1034 3963 1109 4026; x_wconf 76' lang='lat' dir='ltr'>puro</span> <span class='ocrx_word' id='word_1_338' title='bbox 1131 3961 1183 4006; x_wconf 81' lang='lat' dir='ltr'>ca·</span> <span class='ocrx_word' id='word_1_339' title='bbox 1239 3940 1335 4005; x_wconf 75' lang='lat' dir='ltr'>dictis</span> <span class='ocrx_word' id='word_1_340' title='bbox 1354 3941 1461 4026; x_wconf 87' lang='lat' dir='ltr'>capite</span> <span class='ocrx_word' id='word_1_341' title='bbox 1480 3943 1521 4007; x_wconf 77' lang='lat' dir='ltr'>li.</span> <span class='ocrx_word' id='word_1_342' title='bbox 1687 3941 1691 3949; x_wconf 85' lang='grc'><strong>’</strong></span> 
     </span>
     <span class='ocr_line' id='line_1_35' title="bbox 435 4035 2047 4131; baseline 0.003 -37"><span class='ocrx_word' id='word_1_343' title='bbox 435 4047 494 4114; x_wconf 89' lang='lat' dir='ltr'>put</span> <span class='ocrx_word' id='word_1_344' title='bbox 515 4035 814 4120; x_wconf 83' lang='lat' dir='ltr'>Trajaniexlribet.</span> <span class='ocrx_word' id='word_1_345' title='bbox 852 4043 889 4104; x_wconf 88' lang='lat' dir='ltr'>ln</span> <span class='ocrx_word' id='word_1_346' title='bbox 918 4041 970 4106; x_wconf 80' lang='lat' dir='ltr'>luis</span> <span class='ocrx_word' id='word_1_347' title='bbox 997 4063 1072 4107; x_wconf 82' lang='lat' dir='ltr'>cam</span> <span class='ocrx_word' id='word_1_348' title='bbox 1098 4043 1182 4106; x_wconf 81' lang='lat' dir='ltr'>nihil</span> <span class='ocrx_word' id='word_1_349' title='bbox 1302 4041 1382 4106; x_wconf 83' lang='lat' dir='ltr'>inde</span> <span class='ocrx_word' id='word_1_350' title='bbox 1400 4043 1600 4114; x_wconf 76' lang='lat' dir='ltr'>aCarrculla</span> <span class='ocrx_word' id='word_1_351' title='bbox 1615 4041 1856 4131; x_wconf 71' lang='lat' dir='ltr'>frequenterin</span> <span class='ocrx_word' id='word_1_352' title='bbox 1871 4055 1963 4104; x_wconf 75' lang='lat' dir='ltr'>arcusa</span> <span class='ocrx_word' id='word_1_353' title='bbox 2046 4051 2047 4110; x_wconf 63' lang='lat' dir='ltr'><strong>ff</strong></span> 
     </span>
     <span class='ocr_line' id='line_1_36' title="bbox 425 4127 2047 4232; baseline 0.002 -36"><span class='ocrx_word' id='word_1_354' title='bbox 425 4135 499 4212; x_wconf 82' lang='lat' dir='ltr'>¹uit,</span> <span class='ocrx_word' id='word_1_355' title='bbox 536 4137 624 4220; x_wconf 82' lang='lat' dir='ltr'>quod</span> <span class='ocrx_word' id='word_1_356' title='bbox 656 4155 713 4203; x_wconf 86' lang='lat' dir='ltr'>cos</span> <span class='ocrx_word' id='word_1_357' title='bbox 742 4143 949 4207; x_wconf 82' lang='lat' dir='ltr'>Antiochiam</span> <span class='ocrx_word' id='word_1_358' title='bbox 985 4145 1181 4209; x_wconf 81' lang='lat' dir='ltr'>referendos</span> <span class='ocrx_word' id='word_1_359' title='bbox 1229 4141 1368 4208; x_wconf 37' lang='lat' dir='ltr'>&#39;additur</span> <span class='ocrx_word' id='word_1_360' title='bbox 1390 4141 1430 4210; x_wconf 83' lang='grc' dir='ltr'>Δ.</span> <span class='ocrx_word' id='word_1_361' title='bbox 1448 4145 1487 4208; x_wconf 85' lang='lat' dir='ltr'>E.</span> <span class='ocrx_word' id='word_1_362' title='bbox 1511 4147 1553 4210; x_wconf 81' lang='lat' dir='ltr'>tle</span> <span class='ocrx_word' id='word_1_363' title='bbox 1580 4167 1719 4232; x_wconf 82' lang='lat' dir='ltr'>quarum</span> <span class='ocrx_word' id='word_1_364' title='bbox 1744 4163 1841 4210; x_wconf 81' lang='lat' dir='ltr'>seusu</span> <span class='ocrx_word' id='word_1_365' title='bbox 1863 4141 1963 4204; x_wconf 84' lang='lat' dir='ltr'>littcrt·</span> <span class='ocrx_word' id='word_1_366' title='bbox 2046 4127 2047 4157; x_wconf 62' lang='lat'>¹</span> 
     </span>
     <span class='ocr_line' id='line_1_37' title="bbox 435 4237 1835 4333; baseline 0.007 -33"><span class='ocrx_word' id='word_1_367' title='bbox 435 4237 651 4319; x_wconf 78' lang='lat' dir='ltr'>persuadeat,</span> <span class='ocrx_word' id='word_1_368' title='bbox 673 4243 780 4305; x_wconf 80' lang='lat' dir='ltr'>malui</span> <span class='ocrx_word' id='word_1_369' title='bbox 806 4245 848 4307; x_wconf 89' lang='lat' dir='ltr'>de</span> <span class='ocrx_word' id='word_1_370' title='bbox 875 4245 915 4309; x_wconf 83' lang='lat' dir='ltr'>iis</span> <span class='ocrx_word' id='word_1_371' title='bbox 941 4263 1043 4329; x_wconf 80' lang='lat' dir='ltr'>agere</span> <span class='ocrx_word' id='word_1_372' title='bbox 1068 4243 1103 4309; x_wconf 84' lang='lat' dir='ltr'>in</span> <span class='ocrx_word' id='word_1_373' title='bbox 1124 4267 1183 4308; x_wconf 86' lang='lat' dir='ltr'>nu·</span> <span class='ocrx_word' id='word_1_374' title='bbox 1237 4265 1313 4310; x_wconf 86' lang='lat' dir='ltr'>rum</span> <span class='ocrx_word' id='word_1_375' title='bbox 1333 4246 1461 4329; x_wconf 82' lang='lat' dir='ltr'>egimus</span> <span class='ocrx_word' id='word_1_376' title='bbox 1477 4249 1584 4333; x_wconf 85' lang='lat' dir='ltr'>cupite</span> <span class='ocrx_word' id='word_1_377' title='bbox 1601 4245 1835 4332; x_wconf 79' lang='lat' dir='ltr'>praecedente.</span> 
     </span>
    </p>
   </div>
   <div class='ocr_carea' id='block_1_3' title="bbox 428 4338 2046 4844">
    <p class='ocr_par' dir='ltr' id='par_1_12' title="bbox 437 4338 1965 4436">
     <span class='ocr_line' id='line_1_38' title="bbox 437 4338 1965 4436; baseline 0.005 -34"><span class='ocrx_word' id='word_1_378' title='bbox 437 4338 499 4402; x_wconf 85' lang='lat' dir='ltr'>mis</span> <span class='ocrx_word' id='word_1_379' title='bbox 521 4341 654 4423; x_wconf 79' lang='lat' dir='ltr'>Trajani</span> <span class='ocrx_word' id='word_1_380' title='bbox 681 4347 850 4409; x_wconf 80' lang='lat' dir='ltr'>commotis</span> <span class='ocrx_word' id='word_1_381' title='bbox 877 4347 1063 4431; x_wconf 80' lang='lat' dir='ltr'>peregrini,</span> <span class='ocrx_word' id='word_1_382' title='bbox 1092 4347 1181 4433; x_wconf 83' lang='lat' dir='ltr'>quoti</span> <span class='ocrx_word' id='word_1_383' title='bbox 1302 4349 1339 4412; x_wconf 85' lang='lat' dir='ltr'>Si</span> <span class='ocrx_word' id='word_1_384' title='bbox 1367 4369 1481 4414; x_wconf 83' lang='lat' dir='ltr'>rerum</span> <span class='ocrx_word' id='word_1_385' title='bbox 1507 4363 1576 4428; x_wconf 84' lang='lat' dir='ltr'>ost,</span> <span class='ocrx_word' id='word_1_386' title='bbox 1607 4349 1699 4436; x_wconf 82' lang='lat' dir='ltr'>quod</span> <span class='ocrx_word' id='word_1_387' title='bbox 1721 4349 1825 4413; x_wconf 81' lang='lat' dir='ltr'>refert</span> <span class='ocrx_word' id='word_1_388' title='bbox 1843 4339 1965 4412; x_wconf 66' lang='lat' dir='ltr'>Vtilite-</span> 
     </span>
    </p>

    <p class='ocr_par' dir='ltr' id='par_1_13' title="bbox 428 4437 2046 4844">
     <span class='ocr_line' id='line_1_39' title="bbox 428 4437 2046 4536; baseline 0.009 -37"><span class='ocrx_word' id='word_1_389' title='bbox 428 4437 480 4500; x_wconf 73' lang='lat' dir='ltr'>nie</span> <span class='ocrx_word' id='word_1_390' title='bbox 508 4439 609 4520; x_wconf 86' lang='lat' dir='ltr'>urbe,</span> <span class='ocrx_word' id='word_1_391' title='bbox 640 4465 722 4529; x_wconf 83' lang='lat' dir='ltr'>quae</span> <span class='ocrx_word' id='word_1_392' title='bbox 754 4467 812 4512; x_wconf 75' lang='lat' dir='ltr'>eos</span> <span class='ocrx_word' id='word_1_393' title='bbox 839 4449 1011 4514; x_wconf 53' lang='lat' dir='ltr'>[summor</span> <span class='ocrx_word' id='word_1_394' title='bbox 1039 4451 1180 4527; x_wconf 65' lang='lat' dir='ltr'>aravit,</span> <span class='ocrx_word' id='word_1_395' title='bbox 1235 4449 1301 4512; x_wconf 88' lang='lat' dir='ltr'>tius</span> <span class='ocrx_word' id='word_1_396' title='bbox 1321 4448 1372 4532; x_wconf 74' lang='lat'>¹³),</span> <span class='ocrx_word' id='word_1_397' title='bbox 1400 4449 1483 4516; x_wconf 82' lang='lat' dir='ltr'>ltuec</span> <span class='ocrx_word' id='word_1_398' title='bbox 1497 4453 1613 4515; x_wconf 79' lang='lat' dir='ltr'>&#39;classis</span> <span class='ocrx_word' id='word_1_399' title='bbox 1629 4453 1815 4536; x_wconf 82' lang='lat' dir='ltr'>porrigitur</span> <span class='ocrx_word' id='word_1_400' title='bbox 1829 4444 1963 4530; x_wconf 68' lang='lat' dir='ltr'>usquein</span> <span class='ocrx_word' id='word_1_401' title='bbox 2045 4525 2046 4530; x_wconf 8' lang='grc' dir='ltr'>γ</span> 
     </span>
     <span class='ocr_line' id='line_1_40' title="bbox 433 4544 1962 4636; baseline 0.007 -34"><span class='ocrx_word' id='word_1_402' title='bbox 433 4557 503 4604; x_wconf 78' lang='lat' dir='ltr'>nott</span> <span class='ocrx_word' id='word_1_403' title='bbox 521 4544 598 4608; x_wconf 77' lang='lat' dir='ltr'>selis</span> <span class='ocrx_word' id='word_1_404' title='bbox 614 4561 754 4614; x_wconf 83' lang='lat' dir='ltr'>constet.</span> <span class='ocrx_word' id='word_1_405' title='bbox 1228 4551 1433 4636; x_wconf 81' lang='lat' dir='ltr'>:imperium&#39;</span> <span class='ocrx_word' id='word_1_406' title='bbox 1454 4553 1608 4620; x_wconf 81' lang='lat' dir='ltr'>Gallieni.</span> <span class='ocrx_word' id='word_1_407' title='bbox 1667 4549 1850 4628; x_wconf 75' lang='lat' dir='ltr'>Postremi,</span> <span class='ocrx_word' id='word_1_408' title='bbox 1895 4563 1962 4630; x_wconf 66' lang='grc' dir='ltr'>φοῦ</span> 
     </span>
     <span class='ocr_line' id='line_1_41' title="bbox 465 4745 1421 4844; baseline 0.008 -32"><span class='ocrx_word' id='word_1_409' title='bbox 465 4747 505 4812; x_wconf 70' lang='lat'>²)</span> <span class='ocrx_word' id='word_1_410' title='bbox 520 4745 632 4824; x_wconf 77' lang='lat' dir='ltr'>suppt.</span> <span class='ocrx_word' id='word_1_411' title='bbox 641 4751 692 4814; x_wconf 86' lang='lat' dir='ltr'>tv.</span> <span class='ocrx_word' id='word_1_412' title='bbox 708 4754 802 4815; x_wconf 70' lang='lat' dir='ltr'>tals-l.</span> <span class='ocrx_word' id='word_1_413' title='bbox 816 4773 847 4814; x_wconf 76' lang='lat' dir='ltr'>ru</span> <span class='ocrx_word' id='word_1_414' title='bbox 859 4771 883 4818; x_wconf 84' lang='lat' dir='ltr'>t.</span> <span class='ocrx_word' id='word_1_415' title='bbox 958 4759 995 4829; x_wconf 76' lang='lat' dir='ltr'>b)</span> <span class='ocrx_word' id='word_1_416' title='bbox 1014 4759 1102 4820; x_wconf 70' lang='lat' dir='ltr'>itum</span> <span class='ocrx_word' id='word_1_417' title='bbox 1115 4755 1226 4818; x_wconf 69' lang='lat' dir='ltr'>caton</span> <span class='ocrx_word' id='word_1_418' title='bbox 1242 4760 1275 4818; x_wconf 79' lang='lat' dir='ltr'>in</span> <span class='ocrx_word' id='word_1_419' title='bbox 1285 4759 1421 4844; x_wconf 63' lang='lat' dir='ltr'>«Othone</span> 
     </span>
    </p>
   </div>
   <div class='ocr_carea' id='block_1_4' title="bbox 0 0 2093 5454">
    <p class='ocr_par' dir='ltr' id='par_1_14' title="bbox 0 0 2093 5454">
     <span class='ocr_line' id='line_1_42' title="bbox 0 0 2093 5454; baseline 0 0"><span class='ocrx_word' id='word_1_420' title='bbox 0 0 2093 5454; x_wconf 95' lang='lat' dir='ltr'> </span> 
     </span>
    </p>
   </div>
  </div>
 </body>
</html>
