4196 5458
448 535 521 614 too
564 553 570 572 ·
1067 527 1432 666 PHOENiclit3

454 701 512 764 tina
530 699 755 786 reapondere,
783 718 851 762 non
872 695 935 762 aibi
954 719 1088 764 omnem
1110 699 1203 766 iudo·
1260 701 1337 766 atria
1360 700 1492 786 Bayorii
1519 699 1656 766 eandem
1680 697 1792 764 rimilia
1814 703 1896 782 euni
1916 711 1970 792 epi.

454 804 521 866 lem
548 802 678 886 linguae
697 801 913 878 Phoeniciae,
934 813 990 866 eut
1009 801 1079 885 ejna
1098 822 1204 885 gram·
1260 803 1409 888 graphen
1431 803 1597 888 explicare
1616 802 1815 890 aggreaait).
1840 805 1969 874 Errene-

455 905 605 968 matieam
632 905 708 968 tatia
737 916 944 988 perrpeetam
971 923 1064 982 erae,
1085 923 1203 971 rerum
1259 905 1422 985 nendum,
1443 906 1526 970 nihil
1540 907 1612 974 tiro
1629 903 1757 970 erudito
1773 903 1814 968 de
1824 906 1969 981 Pellerinii

457 1025 530 1072 cum
546 1027 576 1071 v.
594 1026 623 1070 o.
642 1026 707 1072 vox
726 1018 776 1086 οη
800 1005 969 1068 derivetur
988 1027 1005 1066 a
1025 1017 1111 1088 nm
1127 1027 1203 1088 pro·
1259 1001 1494 1092 expiicatioue,
1507 1009 1600 1094 qahrn
1614 1007 1642 1070 ia
1655 1007 1969 1089 inSupplementolii.

449 1110 577 1188 jioere,
607 1125 745 1170 neoeeee
784 1125 880 1184 erae,
910 1105 1095 1190 aigniiioare
1130 1125 1203 1170 eam
1259 1107 1493 1187 adornaverat,
1514 1108 1721 1196 eonrtitiaaep
1742 1108 1872 1173 utadeo
1888 1111 1968 1189 ineo,

454 1209 576 1284 illut,
595 1207 683 1292 quod
720 1205 871 1281 dixerat,
901 1227 1021 1290 nempe
1053 1209 1202 1292 proiecti.
1259 1208 1348 1292 quod
1368 1209 1566 1288 dictaverat,
1593 1229 1667 1272 aere
1691 1230 1790 1272 unum
1812 1209 1969 1276 detentae·

456 1309 664 1374 Praeclaram
682 1329 760 1373 aene
780 1308 989 1384 methodum,
1007 1323 1054 1372 'ex
1070 1309 1201 1392 tingere
1257 1323 1351 1374 eutua
1368 1311 1421 1377 ait.
1451 1313 1574 1374 Numae
1595 1309 1683 1376 idem
1704 1325 1756 1374 ert
1772 1333 1842 1376 oum
1856 1313 1968 1376 Pelleni-

455 1413 551 1476 nniea
580 1411 731 1495 cognitae
767 1411 901 1474 incertia
941 1411 1075 1473 alteriue
1113 1412 1202 1476 into·
1255 1411 1375 1490 niano,
1403 1413 1468 1476 niti
1492 1411 1580 1498 quod
1604 1434 1721 1482 verant
1748 1412 1876 1484 retundi
1894 1413 1968 1478 litera

455 1515 564 1600 gnitae
582 1513 676 1597 leget
690 1513 903 1578 constituere.
924 1513 997 1576 Non
1015 1532 1122 1594 nego,
1144 1534 1201 1580 te·
1256 1497 1369 1596 quarta
1388 1511 1516 1591 differt,
1538 1513 1598 1578 aed
1621 1514 1795 1598 deceptum
1813 1535 1873 1578 uon
1889 1515 1967 1579 hairto

453 1615 604 1680 tabulam
624 1614 858 1689 Phoenicium,
888 1633 962 1676 oum
989 1615 1120 1678 eusdem
1145 1614 1201 1678 ha·
1254 1615 1450 1696 Bayerium,
1487 1628 1621 1699 apparet
1647 1637 1691 1682 ex
1716 1617 1864 1682 timiiimo
1884 1617 1967 1682 thero

326 1749 329 1760 .
454 1717 702 1794 hetradioalea,
725 1737 803 1800 qaae
820 1715 1039 1791 Hebraicum,
1061 1728 1200 1800 propter
1254 1714 1429 1800 Arigenii,
1458 1717 1514 1800 qui
1544 1717 1681 1781 eandem
1709 1719 1909 1806 mintionem
1933 1715 1968 1779 oi·

454 1819 624 1904 utriusque
658 1819 790 1902 linguae
820 1815 1018 1880 adfinitatem
1056 1817 1198 1882 adfinem
1253 1815 1379 1900 forth).
1409 1820 1440 1881 la
1465 1819 1667 1902 epigraphen
1688 1819 1755 1888 heo
1775 1817 1967 1886 madoenot

452 1922 551 1985 etiam
576 1915 844 2003 rignideatienem
867 1919 991 1982 hahere
1013 1938 1130 2002 potae,
1152 1931 1198 1982 ta·
1253 1919 1318 1998 vit,
1339 1932 1374 1984 et
1390 1919 1644 2004 interpretatura
1782 1959 1785 1968 ·

445 2044 525 2086 ntea
549 2023 578 2086 ai
602 2023 679 2084 haio
702 2019 838 2104 regulae
860 2019 1059 2106 pertinacius
1080 2020 1199 2084 inaiati·

452 2147 544 2204 mea,
568 2123 759 2208 gravieaime
788 2141 886 2205 aaepe
913 2121 1140 2201 offenderunt,
1163 2135 1198 2188 et
1467 2169 1490 2218 ,q

452 2227 552 2311 lenge
568 2226 674 2292 adhue
691 2215 862 2300 abtamur,
882 2237 918 2286 ut
933 2221 1106 2287 adh'rmare
1123 2245 1198 2310 pot-
1360 2167 1412 2243 Ἥ
1432 2167 1581 2242 mm
1603 2171 1749 2246 mon
1769 2151 1884 2245 ww

450 2330 569 2407 rimae,
601 2315 746 2393 aimiiern¹
771 2326 969 2410 explicatam
997 2327 1197 2412 confidenter
1253 2323 1287 2388 id
1308 2339 1377 2390 eat:
1401 2323 1612 2392 Sidoniorum
1634 2347 1760 2410 magne
1779 2309 1916 2390 eolieetia
1938 2329 1965 2388 ir

449 2431 658 2508 tenendum,
697 2451 760 2514 qua
784 2427 942 2512 loquendi
967 2427 1108 2492 farmala
1131 2429 1197 2494 riri
1253 2430 1421 2492 aerariam
1455 2427 1548 2509 Tyri.
1589 2426 1754 2520 Quoniam
1779 2427 1906 2510 Bayerio
1931 2447 1965 2490 re
2046 2477 2047 2490 ,

451 2533 559 2619 gravia
584 2555 643 2597 ore
671 2533 797 2616 prolata
818 2549 954 2594 neteete
975 2543 1026 2592 eat
1045 2530 1106 2606 iia,
1127 2529 1197 2614 qui·
1253 2529 1384 2620 quidem
1415 2529 1447 2588 ia
1475 2525 1662 2594 definiendo
1687 2531 1852 2594 literarum
1874 2528 1962 2594 valore

450 2637 511 2700 hue
547 2649 639 2701 curta
676 2647 727 2698 eat
765 2633 948 2715 linguarum
987 2629 1193 2693 orientalium
1252 2649 1326 2694 eum
1359 2629 1540 2694 Pelierinio
1579 2634 1759 2710 converit,
1789 2651 1962 2714 eonaequara

448 2741 600 2814 orientia,
621 2733 733 2800 ludum
751 2735 837 2799 iieri.
867 2736 960 2817 Ergo
974 2753 1048 2796 oum
1069 2731 1110 2796 ab
1133 2731 1194 2796 hae
1251 2745 1340 2810 erat,
1361 2731 1457 2795 etiam
1477 2733 1548 2813 ejaa
1563 2733 1862 2818 interpretatione·
1878 2725 1964 2798 direr-

449 2857 542 2930 parte
560 2841 682 2904 nullam
698 2835 779 2898 mihi
795 2813 1043 2920 legem⁰rideam
1062 2833 1194 2916 impoti·
1251 2853 1342 2918 gere.
1366 2832 1491 2927 Quibus
1508 2837 1728 2920 argumentis,
1751 2835 1879 2901 eruditit
1893 2854 1964 2906 aare,

449 2957 534 3020 tam,
560 2957 597 3006 ut
617 2939 799 3008 Pelierinio
821 2937 874 3000 aio
888 2935 1118 3020 interpretanti
1150 2935 1193 2998 ait
1248 2949 1403 3019 utaequa
1424 2935 1558 3000 ineertia
1578 2937 1850 3004 etvaeiliantihne
1869 2948 1959 3000 auctor
2045 2965 2046 3016 i

448 3045 597 3110 habenda
618 3043 724 3118 fidet,
758 3061 890 3127 poaanm
918 3041 994 3124 jare
1017 3057 1191 3122 quaerere,
1248 3037 1439 3100 tententiam
1460 3057 1549 3102 anate
1574 3035 1769 3129 eoniirmet,
1788 3035 1960 3124 longumio-

449 3145 534 3210 eitne
554 3144 754 3220 reriaimile,
775 3167 794 3208 e
813 3141 955 3206 Sidoniis
969 3140 1136 3204 finitimam
1157 3151 1192 3202 et
1238 3152 1592 3217 -reteuramemorere,
1606 3140 1814 3224 poteritque,
1835 3140 1882 3206 eui
1897 3138 1959 3202 haee

448 3233 618 3332 regnatum
634 3247 756 3328 'Pyram
774 3247 809 3307 ir
829 3257 1040 3308 monumento
1057 3241 1193 3325 puhiioo
1247 3239 1351 3304 stedia
1365 3239 1462 3304 eordi
1474 3255 1567 3318 tant,
1583 3241 1624 3304 ah
1640 3241 1714 3324 ipae
1729 3243 1819 3306 faute
1832 3245 1946 3326 petere·

447 3348 566 3413 dietam
582 3347 684 3410 saitae
701 3348 938 3423 execrabilem,
959 3358 1012 3408 ant
1031 3343 1115 3406 adeo
1138 3345 1192 3406 lu·
1328 3343 1373 3409 Vt
1401 3341 1506 3408 taedia
1531 3343 1713 3422 Phoenicia
1741 3339 1959 3408 amoenitatihut

442 3453 574 3532 ponar?
592 3449 726 3510 Nullum
743 3467 797 3510 me
816 3459 900 3510 teate
918 3459 1022 3510 uetat
1042 3445 1191 3508 teatimo·
1245 3445 1342 3508 etiem
1362 3443 1636 3512 Butaorienrihua
1660 3459 1894 3530 temperemur,
1912 3441 1960 3504 iait

446 3552 536 3616 uiuet
556 3551 678 3616 veturia
695 3547 851 3625 instituti,
872 3560 926 3612 aut
943 3561 978 3610 nt
997 3547 1124 3631 planiae
1140 3547 1189 3610 lo·
1246 3546 1348 3611 Olane
1369 3547 1579 3630 Tyeheenua,
1611 3567 1711 3632 aaepe
1733 3547 1814 3609 mihi
1834 3544 1959 3631 proxime

447 3675 546 3738 quar,
561 3652 671 3716 nullae
682 3649 924 3735 exatatantiqai
937 3650 1046 3734 operia
1062 3669 1189 3726 numae,
1245 3650 1279 3714 in
1294 3661 1432 3712 tractatu
1455 3647 1616 3714 denuntia
1632 3649 1805 3713 Hehraieir
1819 3647 1960 3714 nominau-

447 3755 504 3841 qui
518 3755 673 3828 doceret,
690 3754 885 3836 populorum
906 3751 987 3826 irae,
1004 3749 1096 3827 odia,
1112 3772 1190 3816 eon·
1245 3749 1324 3828 dua,
1347 3751 1402 3834 qui
1418 3753 1555 3816 eandem
1571 3753 1772 3838 epigraphen
1790 3752 1837 3816 rit
1852 3760 1961 3816 terter-

446 3855 610 3918 tentioaea
630 3853 772 3916 aeteruia
790 3853 1007 3922 monumentia
1024 3873 1190 3917 commen·
1244 3851 1318 3916 dam
1335 3851 1468 3918 doeritr
1491 3855 1703 3922 Sidoniorum
1721 3851 1916 3919 erstelletar
1927 3846 1963 3908 ad

447 3953 546 4018 datae.
568 3954 673 4016 Multa
687 3953 843 4016 habemur
856 3954 890 4014 in
902 3954 1009 4016 numia
1021 3955 1188 4018 veteribua
1244 3954 1443 4034 qualitatem
1469 3955 1548 4039 Tyri
1568 3957 1624 4037 ‘h

447 4054 581 4120 atahiliti
596 4053 1096 4138 interurherioedoria,paoie,
1112 4075 1190 4120 oon·
1509 4129 1514 4136 Ι
1604 4121 1626 4161 ·
2043 4097 2044 4157 t

448 4154 581 4220 tertiae
605 4169 814 4238 argumentur
847 4157 903 4240 qui
923 4155 1122 4234 diacordiae‚
1143 4167 1193 4220 at·
1501 4168 1522 4208 θ
1705 4169 1725 4209 e

448 4277 512 4342 que
528 4253 712 4318 iuimicitias
728 4257 884 4340 eapitaiea
899 4257 1074 4341 proderet,
1099 4257 1194 4322 dem·
1309 4259 1417 4324 centa
1435 4259 1507 4338 hia,
1529 4279 1611 4346 quoe
1631 4259 1787 4324 hactenua
1809 4251 1961 4337 descripti·

447 4373 505 4442 pto
525 4358 609 4434 hoc,
632 4357 660 4420 ei
677 4356 858 4422 Peherinio
880 4359 1021 4423 medere
1042 4361 1188 4439 marelir,
1245 4381 1344 4435 nana,
1388 4359 1599 4426 Sidoniorum
1649 4362 1754 4426 numia
1802 4351 1959 4421 Phoeaitio

447 4459 571 4520 nullum
592 4457 758 4524 hehemaa.
1245 4461 1434 4527 charactere
1456 4463 1620 4546 insignitis
1649 4467 1750 4528 multo
1779 4457 1958 4544 oopioaiorea
2042 4493 2043 4496 ,

511 4561 623 4624 Mitius
643 4559 685 4623 da
704 4558 846 4624 Sidoniis
866 4559 1101 4646 judieimfuit
1115 4563 1189 4627 iiiu-
1245 4563 1333 4630 aliea.
1350 4563 1474 4630 eddidit
1497 4567 1637 4652 prodige
1666 4562 1807 4640 liberalis
1841 4557 1960 4624 Sninto·
2042 4563 2043 4647 i

484 4763 516 4833 Ι)
536 4763 586 4818 (Μ
604 4763 703 4822 fifth·
722 4765 823 4824 fflic-
841 4787 872 4844 p·
884 4779 948 4842 tto·
1023 4768 1058 4842 b)
1077 4770 1165 4830 Num.
1181 4768 1323 4828 Phoenic.
1343 4769 1404 4828 tah.
1422 4769 1446 4827 1.
1489 4839 1492 4846 ,
1519 4771 1550 4842 c>
1569 4771 1664 4846 Baper
1677 4765 1825 4831 Vindiciae
1842 4783 1870 4840 p.
1884 4763 1922 4824 ⁵6.
