4168 5454
612 519 920 614 SELEVCIS,
954 521 1168 595 PIERIA.
1586 537 1660 617 295

107 686 215 754 torius
237 705 490 774 cunt·erpreaao
509 687 600 754 urbis‘
615 691 769 769 nomine,
797 691 860 756 etsi
916 705 992 759 ante
1010 692 1181 758 deductam
1197 690 1377 770 coloniam,
1404 703 1435 754 at
1454 703 1523 756 tum
1539 705 1656 770 numus

107 789 245 872 plurimi
262 791 390 874 cogniti
413 791 476 854 siut
498 793 665 856 autonomi
684 793 861 878 imperato·
912 817 1031 880 omnes
1062 785 1274 878 inscriptione
1300 793 1415 857 Latina
1445 808 1478 856 et
1505 792 1654 857 coloniae

107 913 184 956 rum
201 905 310 956 aetate
328 893 438 956 iu-hac
451 893 637 958 Phoenices
654 892 736 958 urbe
755 895 859 978 signa·
913 899 1048 962 ‘nomine
1067 917 1172 960 cusos.
1208 896 1244 958 Si
1265 916 1347 980 ergo
1370 895 1424 958 hic
1445 913 1563 956 numus
1583 911 1657 954 cum

107 995 153 1072 ti,
172 1007 210 1056 ut
234 993 321 1058 adeo
341 995 518 1060 verisimile
540 993 706 1072 videatur,
731 1016 859 1061 morem
916 1011 994 1082 typo
1023 999 1123 1081 T'ym'a
1151 997 1272 1082 signari
1298 995 1376 1060 alibi
1402 997 1526 1079 potuit,
1561 1011 1657 1078 quam

109 1094 315 1160 dedicandae
332 1095 583 1180 imperatoribus
601 1111 751 1162 monetae
773 1098 859 1181 apud
917 1100 1015 1182 Tyri,
1053 1119 1113 1162 cur
1139 1119 1205 1161 non
1236 1113 1270 1162 et
1301 1099 1383 1162 alios
1412 1093 1535 1160 similes¹
1565 1107 1657 1157 extra

109 1201 239 1278 'Pyrum
257 1219 328 1261 non
353 1197 549 1274 obtinuisse,
577 1210 749 1282 antequam
770 1202 860 1265 colo·
917 1203 1041 1282 Tyrum
1070 1199 1212 1283 signatos
1240 1200 1340 1262 inisse
1370 1198 1530 1262 credibile
1552 1195 1660 1259 rideri

107 1300 165 1363 nia
191 1297 423 1364 deduceretur.
460 1300 580 1362 Mirum
603 1299 690 1362 istud
712 1301 861 1367 videatur
914 1303 1037 1386 possit,
1074 1301 1137 1362 nisi
1175 1302 1246 1384 quis
1284 1301 1423 1384 probare
1457 1296 1660 1369 intenderet,

109 1402 146 1462 in
164 1401 253 1464 urbe
269 1414 495 1484 praepotente,
514 1421 630 1466 rerum
645 1402 734 1466 idem
750 1423 861 1467 errem·
915 1403 1018 1465 fuisse
1041 1401 1125 1484 apud
1151 1405 1269 1486 Tyrion
1289 1402 1415 1486 duplex
1438 1399 1491 1463 rei
1517 1409 1661 1461 moneta·

108 1504 208 1586 plum
229 1502 374 1566 offerunt
391 1503 552 1567 Athenae.
916 1502 985 1566 riae
1015 1503 1143 1579 iorum,
1172 1517 1209 1565 ut
1237 1489 1441 1566 Antiochiae.
1475 1499 1544 1562 Sed
1574 1495 1661 1560 istud

176 1603 234 1668 lll.
263 1604 466 1669 Adreraatur
498 1605 595 1670 etiam
624 1608 713 1690 Tyro
745 1609 859 1671 citat-us
917 1605 1031 1686 Syriae
1059 1604 1133 1666 urbi
1163 1615 1370 1667 monumenta
1399 1613 1511 1668 vetera
1533 1599 1659 1667 invicte

109 1705 293 1768 Pescennii
309 1726 443 1784 numus,
465 1727 563 1791 quem
579 1707 613 1773 iu
629 1707 689 1772 hac
707 1708 790 1772 urbe
809 1730 864 1772 cu·
902 1707 1105 1784 adstmunt,
1126 1727 1192 1770 non
1213 1708 1292 1769 item
1312 1706 1412 1786 Tyro.

111 1827 190 1870 aum
223 1805 398 1870 adfirmare
433 1828 500 1870 non
537 1808 694 1874 dubitarit
726 1811 776 1877 Cl.
819 1811 861 1873 de
980 1809 1022 1876 V.
1050 1809 1202 1892 Denique
1226 1807 1262 1870 ‚si
1292 1804 1381 1868 numi
1412 1805 1521 1866 esseut
1550 1799 1662 1884 Tyrii,

109 1909 211 1972 Bore
229 1908 375 1972 eruditus
393 1910 490 1990 hujus
503 1911 626 1974 cimelii
640 1911 805 1994 interpres
820 1913 862 1996 ⁸).
921 1911 1039 1973 mirum
1070 1909 1237 1986 rideatui,
1272 1909 1306 1970 in
1338 1899 1519 1989 aliquorum
1552 1921 1662 1966 aream

109 2011 216 2072 Enim
231 2031 314 2076 rero
332 2031 399 2074 nou
418 2013 494 2074 satia
513 2012 685 2076 commode
707 2013 783 2076 huic
805 2035 863 2075 un·
920 2033 987 2076 non
1013 2033 1086 2076 sese
1114 2011 1293 2073 insinuasse
1316 2029 1345 2072 v.
1366 2027 1398 2090 g.
1419 2023 1664 2088 monogramma

110 2129 171 2174 mc
205 2129 281 2174 curn
312 2113 488 2194 Tyriorum
522 2113 656 2196 ingenio
692 2114 861 2191 convenit,
921 2115 1018 2197 Tyri,
1052 2113 1104 2179 vel
1134 2114 1278 2175 litteram
1309 2109 1491 2196 quampiam
1518 2105 1662 2168 Phoeni·

111 2231 202 2296 quos
222 2211 331 2276 eliano
353 2234 485 2298 semper
506 2237 524 2278 a
545 2215 728 2278 Pescennio
752 2216 861 2278 animo
891 2216 1019 2290 ciam,
1041 2235 1123 2300 quae
1145 2213 1263 2298 passim
1284 2213 1319 2272 in
1341 2211 1420 2292 Tyri
1440 2207 1546 2272 numia
1567 2226 1664 2288 repe·
1793 2231 1796 2243 ·

109 2313 219 2378 tuisse
237 2328 306 2376 tum
321 2315 439 2398 patuit,
456 2335 531 2378 cum
544 2317 676 2380 vixdum
693 2317 861 2380 intellecta
917 2317 992 2380 rias.
1028 2315 1149 2379 Contra
1178 2315 1278 2378 multa
1303 2313 1337 2372 in
1361 2309 1415 2372 hir·
1435 2307 1547 2374 rideas
1569 2326 1663 2388 pror·
1706 2391 1710 2402 κ

111 2417 189 2498 ejus
219 2416 261 2480 ad
291 2416 446 2500 Cyzicum
481 2417 574 2480 clade
599 2417 739 2480 sublatis
772 2418 861 2481 illins
918 2439 971 2480 sua
988 2417 1211 2493 Antiochena,
1232 2411 1287 2477 nti
1310 2411 1349 2476 Δ.
1364 2410 1406 2476 Ε.
1425 2412 1480 2474 rel
1496 2411 1534 2474 S.
1549 2408 1587 2472 C.
1606 2405 1662 2470 rel

107 2515 298 2580 honoribus
323 2517 449 2584 Severo
474 2539 636 2603 prospere
665 2517 864 2584 adclamare·
919 2503 1056 2582 arietem
1083 2517 1272 2604 salientem,
1295 2515 1350 2580 vel
1369 2525 1468 2596 caput
1491 2510 1586 2586 solis,
1610 2508 1663 2591 ip·

109 2637 173 2695 re,
208 2619 398 2702 gr‘arissime
427 2634 605 2704 propterea
633 2643 651 2684 a
680 2621 863 2684 Pescennio
920 2641 991 2683 sum
1010 2618 1094 2683 adeo
1113 2620 1146 2682 in
1166 2616 1331 2682 nonnullis
1348 2616 1438 2679 urbis
1453 2631 1573 2676 nomeu
1589 2613 1664 2694 per·

109 2721 269 2783 immissis
290 2722 412 2784 Mauris
434 2722 559 2786 multati
581 2721 624 2806 b).
653 2723 864 2806 Nequaquam
920 2723 1032 2806 spicue
1060 2721 1217 2804 scriptum
1243 2715 1476 2800 hN'rloxla',
1505 2727 1601 2797 atque
1622 2721 1664 2774 'ut

109 2835 280 2906 repugnat
305 2823 496 2908 inscriptum
523 2825 600 2888 huic
628 2844 728 2887 acmo
755 2820 864 2884 ΠΡΟ·
920 2823 991 2908 quis
1021 2824 1221 2907 pertinacior
1251 2820 1406 2904 obgerat,
1437 2815 1561 2880 similes
1593 2813 1662 2898 qui-
1747 2831 1750 2839 ⁴

112 2921 243 2990 NOIA.
281 2921 431 2990 ΘΕωΝ.
474 2929 690 2988 Providentia
727 2927 861 2988 deorum
919 2927 995 2989 dem
1016 2945 1132 2988 numos
1155 2943 1228 2987 esse
1249 2921 1442 2984 tribuendos
1457 2913 1661 2988 Antiochiae,

110 3043 177 3106 pro
201 3025 301 3088 solito
319 3025 527 3090 Antiocheno
547 3023 759 3092 AHMAPX.
773 3021 863 3104 Ee,
917 3049 984 3090 non
1001 3047 1082 3092 vero
1097 3025 1193 3101 alios,
1210 3024 1245 3084 in
1263 3021 1379 3107 quibus
1397 3034 1448 3083 cst
1466 3031 1562 3102 caput
1577 3019 1664 3078 Her-

110 3145 191 3187 uam
210 3139 245 3188 et
257 3126 460 3190 Pescennius
481 3129 552 3212 ipse
574 3127 608 3188 iu
631 3127 781 3190 omuibus
804 3148 862 3189 uu·
919 3129 1019 3206 culis,
1047 3127 1103 3192 rel
1122 3125 1228 3210 aquila
1248 3125 1360 3190 clarae
1369 3122 1547 3196 insistens,
1572 3131 1607 3182 et
1628 3119 1663 3178 in

111 3227 178 3287 ruis
210 3225 301 3306 jussu
329 3249 389 3292 sao
419 3229 553 3313 signatis
589 3229 666 3294 trib.
692 3228 862 3314 potestatis
919 3231 1035 3316 quibas
1065 3227 1189 3290 similes
1216 3239 1314 3290 notae
1344 3243 1441 3308 saepe
1469 3223 1602 3294 absunt,
1632 3219 1661 3279 ia

109 3327 283 3392 mentione
300 3343 488 3394 constanter
507 3331 676 3410 abstinuit,
701 3351 809 3415 neque
829 3331 862 3392 ei
919 3349 1040 3416 quaeso
1073 3327 1271 3414 perpendat,
1308 3345 1422 3392 omnes
1453 3323 1515 3388 bos
1544 3337 1661 3382 numos

109 3429 274 3493 hacteuus
302 3453 321 3493 a
349 3445 463 3495 senatu
484 3430 518 3492 in
539 3431 779 3498 Severiverba
800 3451 862 3515 per
919 3431 1214 3520 quomodocunque
1242 3430 1326 3513 typis
1355 3427 1462 3493 varios
1490 3422 1573 3486 adeo
1598 3419 1662 3482 albi

108 3531 182 3596 rim
212 3528 327 3596 adacto
358 3533 495 3598 decerni
525 3553 588 3616 pro
619 3548 735 3600 retcrc
766 3553 860 3598 more
918 3553 993 3598 esse
1020 3533 1144 3597 similes
1166 3547 1231 3596 tam
1256 3529 1355 3592 modo
1378 3519 1598 3608 bromptionis
1619 3531 1661 3581 ‘et

108 3631 232 3714 potuit.
270 3633 316 3696 At
341 3649 417 3698 uota
437 3635 631 3698 Antiochiae
657 3636 692 3697 in
720 3637 863 3700 Pescen·
917 3637 1102 3700 litterarum
1117 3633 1247 3709 forma,
1270 3651 1364 3716 quam
1384 3627 1525 3701 fabrica,
1547 3619 1659 3684 metal·

107 3737 207 3798 nium
236 3733 361 3814 studia,
398 3757 480 3822 quae
509 3737 584 3798 urbi
612 3737 752 3802 miserae
781 3756 859 3802 caro
917 3738 971 3815 lo,
987 3757 1024 3801 ac
1040 3734 1204 3819 pondere,
1222 3746 1259 3796 ut
1274 3731 1330 3817 qui
1345 3750 1402 3794 eos
1418 3730 1451 3790 in
1466 3719 1662 3806 locupletia·

108 3835 255 3900 subinde
275 3849 418 3915 stetere,
438 3851 474 3902 ut
492 3837 622 3902 dicetur
639 3839 734 3902 inira.
762 3837 859 3932 Quae
885 3837 888 3844 “
916 3839 1007 3903 ribus
1026 3836 1150 3900 muscis
1167 3830 1388 3900 contendendi
1404 3827 1504 3892 habet
1519 3824 1659 3909 copiam,

108 3937 176 4000 alia
204 3936 247 4002 ad
272 3939 586 4022 praestantissimum
613 3943 700 4006 hunc
726 3961 860 4004 numum
917 3940 1110 4005 confiteatur
1126 3956 1263 4001 necesse
1280 3935 1338 4014 sit,
1363 3931 1458 3997 unius
1476 3946 1590 3993 omnes
1607 3946 1660 3988 ur·

109 4037 316 4104 advertenda
343 4053 434 4114 suut,
467 4043 665 4108 notabuntur
690 4043 726 4108 iu
753 4043 860 4107 nuruis
917 4041 968 4105 bis
987 4029 1059 4104 es'sc
1079 4051 1252 4104 monetam.

111 4141 293 4204 Pescennii
310 4143 446 4209 [anuis.
980 4146 1025 4213 At
1045 4139 1161 4216 rideo,
1182 4139 1286 4202 multo
1307 4137 1530 4202 liberaliorem
1551 4127 1660 4192 Pelle·

177 4243 237 4310 lv.
256 4241 406 4312 Vidimus
424 4264 522 4328 supra
540 4265 656 4310 numos
673 4245 860 4312 Caracallae
916 4246 1036 4309 rinium
1061 4243 1094 4305 id
1120 4263 1222 4328 genua
1245 4261 1361 4303 numos
1383 4257 1450 4301 non
1473 4232 1572 4298 modo
1596 4231 1661 4292 Aa·

110 4355 244 4408 notatos
270 4345 341 4427 ejus
364 4345 421 4412 tv.
447 4347 633 4424 consulatu,
660 4345 861 4410 TllATOC.
918 4347 1058 4412 tio'chiae
1087 4357 1120 4408 et
1147 4343 1244 4428 Tyri,
1273 4342 1333 4407 aad
1361 4353 1395 4404 et
1423 4337 1459 4400 in
1487 4335 1559 4398 aliis
1588 4331 1657 4409 eius

110 4443 190 4510 ΤΟ.
211 4443 253 4510 Δ.
291 4449 336 4508 At
355 4462 501 4528 constat,
528 4451 651 4532 Pyrum
672 4449 735 4530 jam
757 4452 861 4514 multo
918 4463 1040 4514 mactus
1069 4446 1204 4512 urbibus
1231 4445 1377 4529 signatos
1407 4453 1588 4522 agnoscere
1611 4433 1658 4513 e),

104 4625 1663 4662 w--ffl

152 4771 185 4838 θ)
205 4767 294 4824 Mem.
312 4769 389 4826 Μ.
409 4771 443 4828 Τ.
455 4769 560 4836 XXIV·
577 4783 679 4850 p.lt5·
754 4766 1169 4844 b)llerodlau.iuSerero.·
1225 4754 1495 4834 c)rlel.1.p·te9·
1612 4807 1618 4816 .
