4160 5454
466 576 539 643 21ss
1004 533 1199 627 nanae
1245 529 1465 624 etatae.

464 749 538 791 nam
565 740 599 792 et
622 723 709 790 istud
738 723 854 788 imitati
875 722 1013 788 Romani
1044 721 1120 790 diso
1148 740 1209 786 suo
1263 677 1366 782 fratre
1387 715 1574 800 impetitur,
1600 727 1636 782 et
1653 733 1766 800 magna
1781 715 1902 784 ditionis
1923 723 1977 787 asi·

464 829 548 894 iulio
569 842 690 892 aenum
712 824 909 914 praefixere.
1263 832 1317 884 tae
1352 830 1446 901 parte
1476 817 1639 881 multatur.
1683 816 1826 882 Subinde
1859 821 1975 888 irenen

727 975 749 1014 ⁴*
831 928 851 968 ο
935 976 955 1015 ι
1264 917 1462 981 Antiochum
1484 919 1662 982 Hieracem
1689 918 1815 982 bostem
1843 937 1977 1008 expertus

365 1099 367 1102 ,
532 1031 643 1112 Caput
661 1035 753 1114 regis
771 1032 1006 1094 diadematum.
1037 1023 1062 1086 t:
1081 1021 1209 1088 ΒΑΣΙ-
1263 1039 1380 1104 magua
1406 1021 1446 1084 ab
1471 1039 1514 1084 eo
1543 1019 1747 1084 incommoda
1778 1023 1903 1106 accipit,
1928 1029 1978 1090 sed

463 1125 617 1196 Am.
640 1123 896 1196 ANTloxo'r,
937 1128 1099 1194 Hercules
1122 1147 1208 1192 mo
1262 1119 1324 1184 illo
1348 1120 1382 1196 iu
1402 1121 1638 1206 Mesopotamia
1662 1123 1882 1190 internecione
1906 1127 1977 1194 ticto

459 1233 612 1296 tartarus
637 1235 670 1298 ti.
697 1232 827 1296 clavam
856 1231 951 1294 tamt
976 1233 1122 1308 attinet,
1147 1249 1208 1312 per
1264 1221 1442 1306 superbum
1467 1223 1626 1286 Callinici
1649 1223 1779 1286 titulum
1808 1226 1867 1288 sibi
1893 1227 1978 1326 adspi-

463 1351 578 1394 aream
598 1335 697 1396 caria
716 1333 834 1414 sigilla
856 1344 890 1394 et
911 1343 1206 1414 monogrammata.
1263 1327 1337 1392 ¹scit.
1366 1327 1459 1388 Mota
1483 1321 1517 1384 iu
1532 1323 1689 1400 Parthos,
1712 1325 1768 1408 qui
1785 1323 1975 1407 desciverant,

463 1433 535 1497 att.
551 1432 574 1494 1.
597 1435 698 1512 (Mas.
715 1433 824 1516 Caes.)
1262 1425 1354 1490 bello
1373 1427 1477 1492 victua
1497 1439 1698 1512 captusque,
1727 1441 1765 1490 et·
1780 1428 1911 1494 tolerato
1930 1453 1975 1496 no

525 1533 714 1597 Fm’ilichius
728 1535 763 1598 iu
779 1535 843 1598 hoc
857 1553 957 1596 namo
974 1545 1102 1597 certum
1117 1531 1207 1600 videt
1262 1547 1338 1592 tem
1350 1527 1485 1590 circiter
1497 1549 1656 1592 annorum
1670 1549 1804 1594 carcere
1817 1528 1849 1590 iu
1860 1552 1974 1616 regnum

463 1633 622 1698 Antiochi
638 1637 680 1698 11.
702 1649 816 1718 caput,
838 1647 870 1698 at
892 1655 1027 1710 causae,
1049 1654 1127 1717 quas
1152 1632 1207 1696 ad·
1263 1627 1418 1692 remissus
1436 1629 1550 1712 ¹paullo
1568 1643 1643 1713 post
1660 1651 1747 1718 equo
1763 1649 1906 1698 excussus
1921 1633 1975 1696 obit

461 1733 553 1812 fert,
581 1749 655 1800 sunt
676 1737 790 1802 exiles.
828 1735 910 1818 Ejus
931 1733 1113 1798 tententiae
1130 1733 1207 1797 Pei·
1262 1729 1304 1798 V·
1322 1730 1358 1794 C.
1374 1731 1448 1797 528.

462 1837 602 1900 laciniae
628 1838 663 1900 ia
691 1857 751 1902 sao
778 1835 821 1900 sie
841 1837 988 1920 Regibus
1011 1855 1114 1920 opere
1137 1855 1205 1900 non
1317 1831 1411 1898 onr
1420 1827 1582 1911 Laodice,
1598 1833 1686 1902 ande
1697 1835 1768 1902 nati
1778 1837 1923 1903 Seleucus
1933 1841 1975 1904 111.

351 2009 357 2020 ,
459 1935 679 2012 contradixit.
709 1953 742 2002 at
759 1958 833 2003 cum
856 1939 961 2002 serius
982 1935 1123 2002 eundem
1146 1957 1205 2000 nu·
1261 1943 1298 1996 et
1313 1931 1493 1997 Antiochus
1509 1936 1564 2002 111.

460 2059 551 2101 mum
568 2037 728 2104 iconisma
747 2057 938 2122 expressum
957 2040 1148 2104 restitueret
1170 2037 1206 2098 iu

460 2151 635 2221 postremo
661 2159 721 2202 auo
741 2159 873 2223 opere,
903 2141 991 2226 quad
1018 2141 1206 2204 Additionr

458 2239 644 2324 inscripsit,
676 2237 725 2304 sic
741 2239 950 2306 confidenter
966 2241 1129 2304 Autiacho
1147 2239 1204 2300 111,

459 2337 594 2415 tribuit,
616 2353 652 2403 ut
670 2341 734 2424 jam
752 2343 918 2408 dubitandi
944 2345 1054 2408 locum
1077 2342 1204 2406 nullum
1327 2340 1434 2420 Caput
1456 2343 1545 2422 regis
1566 2343 1806 2410 diadematum.
1827 2343 1972 2408 teati-

460 2441 626 2524 neliquum
644 2456 773 2524 putaret
788 2446 827 2525 ⁸).
865 2445 958 2508 Sitne
975 2445 1083 2508 tultus
1100 2445 1132 2506 in
1152 2443 1203 2506 hia
1258 2435 1411 2506 ΛΕΩΣ.
1432 2435 1707 2510 ΣΕΛΕΤΚΟΤ.
1743 2447 1864 2529 Apollo
1885 2451 1972 2510 nutias

1558 2173 1710 2242 Numi:

458 2541 567 2603 nnmis
589 2562 766 2624 expressas
784 2546 936 2609 Antiochi
958 2549 1033 2622 111.,
1055 2566 1121 2608 non
1138 2566 1203 2608 ma·
1258 2555 1352 2602 stans
1368 2541 1399 2604 d·
1414 2541 1533 2618 telum,
1548 2565 1576 2607 s.
1590 2549 1719 2626 tripodi
1731 2549 1872 2610 innixas.
1887 2547 1970 2608 Ali-1.

458 2660 610 2724 gnapere
637 2642 786 2720 laborat,
821 2666 896 2708 nam
923 2645 1101 2712 secundnm
1131 2647 1202 2728 ejus
1321 2641 1357 2702 ld
1381 2661 1485 2723 genus
1509 2664 1625 2710 numos
1651 2645 1776 2730 passim
1801 2647 1968 2712 Seleuctll·

457 2743 591 2824 legem,
615 2761 710 2824 quam
727 2763 826 2828 snpra
843 2747 1018 2830 proposui,
1040 2767 1201 2832 quamque
1258 2741 1404 2805 tribuunt
1420 2743 1602 2827 antiquarii

456 2843 486 2904 is
503 2843 566 2906 hoc
584 2841 659 2905 loca
675 2845 814 2925 repetit,
836 2847 898 2910 fuit
914 2849 968 2914 hic
982 2869 1042 2912 rex
1057 2847 1201 2912 omniurn
1620 2911 1641 2949 ι

455 2941 733 3008 lineamentorum
752 2965 863 3030 capax.
896 2949 1132 3036 Sed'potiorea
1152 2949 1203 3011 illi
1515 2959 1536 2998 t
1726 2961 1748 2998 ⁴

457 3063 595 3120 causae,
618 3063 678 3109 cur
697 3043 852 3113 Antiochi
872 3051 928 3118 111.
951 3067 1062 3137 putet,
1091 3073 1134 3116 ex
1153 3039 1221 3115 ἕο·Ι
1316 3049 1425 3132 Caput
1440 3052 1529 3132 ragis
1542 3051 1771 3116 diadematum
1782 3053 1970 3133 protestar-
2040 3075 2041 3107 t

455 3143 551 3208 brice
570 3157 612 3210 et
631 3159 732 3229 typo,
759 3149 819 3240 sed
840 3173 925 3237 quae
949 3175 1002 3217 me
1024 3153 1132 3236 judice
1157 3173 1200 3217 na
1256 3149 1381 3214 batum.
1399 3147 1429 3210 :t
1445 3145 1716 3216 ΒΑΣΙΛΕΩΣ.
1733 3146 1968 3216 ΣΕΛΕΤΚΟΤ.

456 3245 566 3309 tenuis
587 3245 720 3330 quidem
744 3253 955 3336 coniecturae
971 3254 1125 3318 meritum
1145 3253 1200 3318 ha·
1257 3254 1405 3334 Pegasus
1420 3255 1548 3318 valuns.
1567 3253 1638 3317 An.
1651 3256 1798 3339 (Haym,
1812 3251 1954 3332 Frilich.)

456 3345 560 3423 bean
590 3367 678 3412 noto
709 3351 829 3416 iterum
859 3369 1074 3439 argumento,
1105 3375 1201 3437 quam
1319 3353 1412 3420 Vnus
1428 3353 1483 3418 hic
1500 3355 1596 3440 hujus
1608 3355 1747 3421 Seleuci
1759 3374 1868 3418 numus
1881 3363 1969 3416 certus

456 3467 539 3532 vaga
564 3449 607 3513 sit
632 3449 780 3515 donnica
809 3447 1058 3541 exprimerem
1085 3457 1199 3539 Syriae
1255 3467 1393 3539 propter
1413 3469 1559 3520 mentum
1581 3457 1764 3524 barbatum.
1796 3457 1874 3520 Sane
1894 3453 1970 3534 Poly·

451 3567 574 3633 regum
596 3549 791 3637 imaginibus
812 3570 915 3640 capta.
1253 3555 1327 3618 biae
1345 3577 1420 3620 eum
1436 3555 1599 3644 nepam,
1621 3561 1780 3638 barbam,
1801 3555 1968 3642 appellatum

714 3697 734 3736 ,
817 3655 838 3694 *
923 3709 942 3747 ι
1254 3656 1378 3722 diserte
1400 3658 1511 3728 tradit.
1550 3662 1688 3724 Causam
1714 3681 1781 3726 non
1799 3657 1898 3735 adiit,
1924 3677 1970 3718 cur

518 3753 619 3816 Numi
640 3753 714 3832 alii,
736 3775 817 3840 quos
840 3777 1013 3844 praeterea
1032 3761 1109 3826 huic
1125 3763 1199 3864 regi
1253 3757 1386 3824 barbam
1399 3761 1598 3846 promiserit
1618 3763 1665 3825 At
1674 3761 1858 3840 verisimile,
1870 3760 1968 3824 iactam

345 3915 353 3932 ν
454 3853 570 3920 stitia
587 3855 723 3918 eruditis
738 3857 881 3923 adscribi
898 3863 1016 3942 video,
1036 3864 1127 3928 omui
1143 3885 1199 3950 pe·
1253 3861 1356 3940 istud,
1374 3864 1449 3946 quia
1463 3862 1550 3948 apud
1563 3863 1860 3950 Parthaeeaptirua
1874 3859 1969 3933 haesit

455 3951 544 4016 nitas
561 3968 654 4020 certo
676 3957 811 4026 criterio
830 3978 956 4032 carent.
1253 3973 1296 4026 ex
1320 3984 1383 4048 qua
1412 3965 1529 4030 eadem
1556 3983 1653 4030 causa
1680 3965 1856 4033 verisimile
1878 3963 1966 4034 etism

1252 4065 1459 4131 Demetrium
1479 4071 1519 4131 ll.
1537 4068 1657 4134 aluisse
1676 4067 1828 4146 barbm,
1847 4079 1879 4130 ut
1896 4067 1967 4128 dice·

493 4186 723 4262 SELEvcvs
740 4199 783 4264 11.
809 4200 1007 4281 (ponimus,
1027 4207 1151 4289 Pogon·
1253 4181 1318 4236 tur.
1341 4169 1444 4236 Causa
1460 4171 1579 4256 Pegasi
1597 4171 1679 4234 mibi
1702 4173 1824 4257 ignota.

1616 4337 1636 4375 Ι

515 4355 671 4422 Antiochi
689 4359 729 4423 11.
751 4373 785 4424 et
800 4363 962 4431 Laodices
977 4369 1016 4435 F.
1047 4369 1101 4436 Ob
1121 4392 1194 4438 cae·
1511 4389 1533 4428 e
1721 4388 1741 4426 ¹

352 4475 397 4502 -'
451 4473 522 4520 sam
575 4477 651 4521 cum
685 4457 755 4524 iilic
794 4483 969 4536 novercam
1007 4472 1194 4542 Berenicen
1295 4479 1403 4562 Caput
1416 4483 1505 4563 regis
1515 4433 1965 4542 manmaramAEBAZIAEe

452 4553 544 4620 bello
569 4579 586 4622 a
605 4559 799 4628 Ptolemaeo
821 4565 990 4655 Everget'e
1012 4575 1193 4643 Berenices
1251 4572 1336 4643 522.
1355 4575 1622 4645 ΣΕΛΕΤΚΟΤ.
1645 4581 1721 4646 Rea
1737 4599 1842 4662 aaut.
1869 4575 1929 4638 ΑΕ·
1944 4571 1964 4632 l·

454 4673 1962 4818 WW
