4264 5472
746 549 1094 623 caurensis.
1350 519 1355 534 ’
1487 625 1496 637 ,
1649 574 1692 642 15

137 715 415 798 booemreserens.
438 713 886 796 an.t.(1²ettsrtn.ttse.1tu
944 722 1133 782 notissimis
1154 715 1209 782 uel
1231 711 1401 782 nuere„
1424 721 1479 783 vel
1498 713 1608 788 ΣΑΡ.
1637 727 1691 788 vel
1713 699 1718 710 ’

138 811 766 899 rah.1ss.Pentroeir.11.ub.'88.)
831 813 834 820 ⁴
943 817 1049 884 TPA.
1071 820 1180 884 Ant
1202 821 1586 908 (taruennicum.)

203 913 276 982 Hos
304 917 384 979 item
415 918 601 1002 perantiqui
632 919 800 982 commatis
828 941 888 982 nu·
1006 921 1088 984 Alii
1108 923 1252 1000 similes,
1275 925 1335 984 sed
1353 944 1429 986 cum
1450 927 1547 1008 sigeo
1569 929 1688 992 incuso

138 1039 212 1082 mos
233 1017 311 1082 huic
332 1017 405 1080 urbi
423 1031 561 1104 prepter
576 1019 689 1102 plores
705 1039 816 1083 causas
832 1022 894 1085 asi-¹
943 1037 1095 1083 orsoorae.
1117 1021 1188 1088 AR.
1203 1026 1229 1088 ·1.
1252 1025 1423 1106 (Hunter.)

137 1121 298 1198 seduna,
326 1122 352 1187 1.
374 1139 471 1184 causa
490 1119 569 1182 mali
588 1120 724 1199 Punici,
755 1113 797 1184 (ie
820 1141 885 1207 quo
1010 1119 1605 1203 capusruetaae.aez1ottrt2tt.
1629 1131 1687 1193 Vi·

137 1243 228 1288 mox.
272 1223 312 1286 ll.
347 1221 422 1305 quia
452 1219 634 1284 Pellerinio
665 1241 708 1284 ex
737 1223 886 1288 Carama-
942 1225 1053 1287 aterio
1069 1227 1235 1306 gradiens
1248 1228 1278 1287 d.
1299 1246 1451 1290 eoronam
1464 1230 1627 1320 praefert,
1649 1235 1685 1294 in

136 1325 192 1387 nia
219 1335 296 1388 aunt
319 1321 435 1400 adlati,
463 1321 519 1387 111.
543 1324 617 1408 qnia
638 1321 756 1385 horum
784 1323 885 1406 pleri·
942 1343 1022 1388 areu
1044 1328 1170 1390 malum
1186 1327 1357 1392 Punicum.
1389 1329 1459 1422 ΑΕ.
1481 1329 1536 1395 111.
1557 1330 1686 1412 (Pelle-

138 1445 203 1510 que
240 1426 390 1489 incusum
429 1425 548 1492 horem
589 1421 751 1502 offerunt,
795 1425 885 1511 quod
941 1425 1022 1506 nn.)

137 1528 269 1610 signans
296 1526 373 1591 huic
400 1527 519 1590 tractui
547 1525 717 1612 proprium
746 1539 812 1605 est,
847 1540 885 1590 ut
1008 1526 1115 1608 eapse
1128 1527 1289 1590 pauses.
1308 1523 1472 1595 ΞΣῙΔΗ.
1492 1531 1569 1614 (aut
1583 1536 1686 1598 etium

137 1630 261 1692 docent
294 1621 386 1690 numi
413 1628 674 1714 Aspendiorum,
712 1628 805 1691 Malli
833 1627 885 1690 Ci·
942 1625 1005 1688 lsoc
1022 1626 1158 1708 omisso)
1187 1627 1322 1692 Malum
1339 1633 1510 1696 Punicum.
1541 1633 1610 1700 alt.
1624 1637 1683 1702 ili.

137 1731 251 1805 liciae,
288 1729 409 1815 aliique
439 1731 510 1814 ejus
541 1743 673 1796 tractus.
714 1727 814 1825 Quod
843 1727 884 1792 ed
942 1726 1133 1812 (Pelleria.)
1417 1723 1419 1725 ’

140 1830 344 1916 epigraphen
378 1831 548 1896 barbaram
584 1831 716 1910 attinet,
755 1831 884 1915 insigne
1005 1825 1242 1894 ΣΙΔΗΤΩΝ.
1288 1832 1395 1913 Ouput
1427 1834 1595 1912 Palladis,
1630 1842 1687 1900 cui

138 1953 199 2016 pro
222 1933 286 1997 hac
308 1932 527 1997 testimoninm
547 1934 703 1998 hibernus
723 1933 809 2018 apud
824 1929 887 1997 Ar}
942 1935 1094 1995 incusum
1125 1933 1258 2013 signum
1291 1933 1416 1995 malum
1443 1939 1618 2002 Punicum.
1660 1933 1685 1998 t

137 2035 265 2096 denunt
288 2037 337 2117 ⁸),
366 2055 441 2098 cum
469 2049 597 2111 narrat,
627 2035 756 2099 Sidetas
783 2037 883 2119 Cyme
942 2027 1178 2094 ΣΙΔΗΤΩΝ.
1203 2033 1357 2095 Victoria
1370 2037 1545 2116 gradiens,
1563 2043 1684 2106 cuiin-

137 2135 286 2198 Aeolidis
308 2135 477 2220 proiectos
496 2138 664 2220 paullatim
686 2137 804 2200 oblitos
823 2137 885 2198 lin·
941 2153 1055 2196 cusum
1079 2145 1179 2216 ceput
1199 2132 1368 2209 Palladis,
1394 2137 1431 2197 iu
1456 2158 1536 2200 orec
1558 2141 1684 2204 malum

138 2254 223 2318 gnae
252 2235 473 2302 Graecanicae
503 2237 658 2302 barbaros
687 2257 785 2302 eones
807 2237 884 2301 'edi-
946 2237 1115 2297 Punicum.
1137 2233 1207 2296 AB.
1223 2234 1279 2296 ΠΙ.
1299 2234 1401 2312 (Mus.
1419 2237 1529 2318 Caes.)

138 2337 246 2414 disse,
277 2337 333 2422 qui
362 2337 426 2402 sihi
453 2334 525 2403 unis
554 2339 650 2404 fuere
683 2338 883 2423 peculiares,
1004 2333 1096 2426 Q'uos
1114 2333 1218 2396 tribus
1236 2335 1401 2416 prioribus
1418 2337 1499 2400 loeis
1517 2344 1682 2421 proposui,

138 2452 173 2500 et
191 2437 333 2502 distincti
347 2441 448 2506 etiarn
469 2463 488 2504 a
507 2443 597 2506 sonia
613 2442 794 2508 vicinorum
811 2440 884 2502 har·
941 2435 1135 2520 spectabiles
1157 2449 1232 2498 sunt
1252 2449 1320 2499 turn
1342 2449 1480 2520 propter
1500 2443 1682 2518 metallum,

137 2537 305 2603 herorum.
324 2585 328 2596 .
347 2543 393 2604 Et
428 2542 583 2608 ridentur
618 2562 749 2629 quoqne
785 2541 885 2626 pleri·
940 2550 1010 2598 tuus
1033 2535 1170 2626 pondus.
1213 2537 1405 2634 Iilectreum
1430 2539 1508 2604 olins
1530 2562 1572 2606 ex
1593 2547 1684 2628 Mug-

138 2663 203 2724 que
236 2641 388 2728 argentei
418 2663 493 2707 cum
523 2645 701 2732 epigraphe
729 2643 883 2721 barbara,
927 2637 975 2700 'ni
1004 2639 1106 2701 Dacis
1138 2659 1267 2703 moseos
1288 2641 1500 2722 spectandum
1532 2641 1611 2706 dedi
1639 2645 1682 2726 b).

136 2743 193 2826 qui
213 2745 302 2826 apud
320 2745 537 2809 Pellcriniuns
558 2747 641 2812 liae.
652 2747 709 2810 111.
731 2745 797 2808 tuh.
812 2741 884 2811 seo(
940 2741 1023 2804 Esse
1047 2741 1108 2802 hos
1131 2761 1247 2802 numos
1264 2751 1385 2806 certam
1403 2744 1551 2807 Sidetnsn
1572 2766 1683 2810 mone·
1730 2773 1732 2780 ’

134 2841 355 2922 exhihentur',
377 2859 412 2910 et
434 2868 572 2932 quorum
594 2843 827 2912 similes-edidi
849 2845 883 2907 in
939 2845 1021 2919 tana,
1046 2841 1161 2906 collati
1189 2843 1280 2904 numi
1308 2859 1484 2928 sequentes
1513 2849 1614 2911 aenei
1635 2849 1683 2910 in·

136 2946 291 3030 catalogo
311 2949 415 3011 musei
431 2949 583 3014 Caesarei
601 2951 694 3012 Tem.
706 2951 731 3012 1.
749 2947 882 3024 tab.V.,
940 2945 1025 3010 ricto
1057 2943 1187 3008 docent.
1230 2945 1274 3007 Et
1300 2966 1382 3009 vero
1412 2948 1561 3010 eruissem
1592 2948 1698 3012 urbis·

132 3047 177 3111 ad
213 3048 304 3113 hunc
338 3063 477 3114 tractum
516 3039 694 3136 pertinere.
737 3049 884 3133 Depulaa
941 3043 1144 3129 epigraphen
1175 3043 1302 3109 abunde
1333 3047 1465 3132 supplet
1493 3049 1682 3114 adstitutum

133 3149 260 3214 deiude
281 3172 346 3237 per
364 3152 544 3218 Alexandri
564 3151 738 3218 adventum
762 3149 803 3212 ab
832 3149 883 3212 his
941 3147 1060 3211 malum
1094 3144 1272 3224 Punicum,
1313 3150 1388 3232 qnia
1423 3145 1509 3227 Zeia
1544 3151 1681 3216 Graecia

135 3253 222 3316 locis
251 3253 404 3319 barbarie
432 3255 535 3320 valuit
562 3254 682 3318 iterum
713 3250 883 3334 orthogra-
940 3247 1027 3312 huuc
1061 3247 1204 3318 fructum
1234 3248 1420 3335 significat,
1459 3274 1497 3316 sc
1532 3255 1681 3319 videmus

134 3354 214 3438 phia
235 3353 373 3422 Graeca.
416 3355 529 3451 Quare
549 3361 665 3419 numos
686 3355 746 3418 hos
768 3373 883 3418 omnes
939 3351 1053 3428 etiam,
1080 3351 1114 3411 in
1135 3349 1245 3414 aeneis
1270 3364 1382 3416 cetera
1402 3353 1560 3418 similibus
1583 3377 1682 3440 prop·

133 3455 319 3519 Alexandri
331 3460 378 3524 M.
393 3472 499 3524 aetate
514 3479 588 3523 esse
602 3457 819 3542 antiquiores,
835 3456 883 3520 in·
939 3464 992 3516 ter
1009 3451 1147 3516 eandem
1161 3472 1289 3517 causam
1307 3451 1397 3518 urhis
1415 3475 1535 3520 nomen
1551 3455 1617 3540 jans
1630 3457 1681 3519 ia·

134 3555 319 3621 dubitatum
336 3559 477 3626 videtur.
939 3553 1111 3638 scriptum,
1132 3553 1195 3636 jam
1215 3555 1381 3624 omissum.

199 3661 340 3726 Formae
359 3665 566 3728 recentiores.
595 3673 599 3684 ·
817 3707 826 3714 .
942 3668 945 3677 ·
999 3655 1107 3720 Pallas
1121 3668 1155 3720 et
1168 3655 1313 3724 Victoria
1324 3671 1503 3743 perpetuus
1516 3659 1589 3750 lere
1605 3673 1679 3722 sunt

204 3763 312 3844 Caput
324 3763 486 3828 Palladis.
508 3759 532 3824 ἲ
555 3765 708 3830 Victoria
720 3761 880 3845 gradiens
937 3759 1033 3841 hujus
1057 3756 1148 3820 urhis
1174 3771 1280 3841 typus.
1319 3761 1465 3843 Vterque
1487 3762 1679 3840 conjunctus

134 3867 168 3928 d.
183 3883 341 3928 eoronam
356 3869 515 3951 praefert,
526 3869 564 3928 in
579 3882 663 3929 ereo
674 3861 800 3927 mulum
819 3865 882 3925 Pu·
936 3860 1034 3944 plane
1053 3856 1246 3943 persuadet,
1273 3879 1315 3922 eo
1338 3859 1478 3942 proponi
1495 3858 1678 3928 Minervam

79 3955 84 3962 ’
133 3971 267 4044 nimus,
295 3969 432 4030 additae
453 3969 491 4029 in
513 3967 684 4030 nonauuis
704 3967 883 4046 magistral-
937 3960 1136 4036 Victoriam,
1167 3957 1209 4022 de
1239 3979 1302 4044 qna
1329 3959 1450 4024 affatius
1469 3961 1534 4045 egi
1553 3961 1588 4024 in
1608 3983 1677 4028 mo·

131 4084 201 4133 tus.
221 4065 376 4134 AEINO.
394 4062 569 4132 KAETX.
605 4067 658 4132 ΕΙ.
672 4070 699 4133 1.
715 4067 816 4150 (Mus.
829 4067 875 4132 M.
934 4075 1011 4128 nota
1040 4059 1306 4140 Atheniensium,
1346 4075 1442 4149 atque
1471 4063 1557 4127 istud
1586 4078 1676 4130 tanto

128 4171 270 4253 Ducis.)
287 4169 389 4238 hihi.
411 4167 878 4250 (tinansanPatlaa‘ufluu-
933 4163 1056 4246 magis,
1082 4161 1170 4249 quod
1189 4163 1337 4229 Minerva
1354 4165 1419 4229 hoe
1437 4166 1569 4230 nornine
1590 4181 1674 4232 teste

129 4279 215 4357 tar.)
777 4287 781 4296 “
937 4265 1548 4347 saids0)dsxtsrsmstum1²unieun
1570 4283 1675 4355 gesta-

198 4376 283 4440 Alii
305 4375 449 4452 similes,
480 4376 601 4438 sedin
628 4379 701 4459 ipso
726 4373 880 4438 Palladis
934 4367 998 4446 vit,
1031 4365 1119 4454 quod
1146 4369 1253 4453 ipsuus
1279 4367 1342 4432 fuit
1371 4369 1519 4436 Sidetnns
1548 4372 1675 4453 symbo-

129 4479 230 4544 uultu
254 4479 390 4562 siguum
417 4477 570 4540 incusum
591 4481 737 4562 restarem
761 4493 875 4540 arcum
930 4471 1001 4532 lum
1034 4489 1077 4534 ex
1110 4469 1249 4534 nominis
1285 4484 1393 4555 etymo
1424 4486 1562 4556 captum.
1606 4476 1673 4538 lam

127 4593 166 4644 et
184 4581 397 4664 pharetrata,
421 4579 544 4660 scripto
561 4579 664 4659 jueta
683 4579 793 4643 literis
816 4577 877 4640 mi·
931 4591 1029 4657 supra
1055 4569 1091 4632 iu
1116 4572 1222 4635 numia
1253 4571 1443 4656 antiquioris
1471 4573 1597 4636 formae
1627 4575 1673 4637 vi·

131 4711 1670 4760 ——n—q—-mm

168 4791 199 4861 a)
218 4787 251 4844 L.
261 4786 286 4846 1.
304 4767 333 4844 οξ
340 4797 384 4850 27.
461 4787 497 4862 b)
516 4786 603 4846 Nutu.
617 4797 676 4846 vet.
690 4803 722 4863 p.
731 4791 793 4848 224
870 4785 901 4856 c)
921 4781 950 4838 in
969 4777 1054 4858 Nera
1070 4779 1190 4856 Adara.
