4168 5454
408 532 478 598 ote
994 505 1383 586 COELESYRIA.

266 714 270 722 ·
407 682 491 766 apud
514 677 723 752 Vuillentiunt
747 682 871 744 turrile
891 681 928 743 in
952 682 1046 764 cippo
1069 689 1150 756 stat,
1205 677 1379 760 instigante
1410 674 1583 757 Cleopatra
1616 693 1728 739 caesus
1761 688 1812 738 est
1842 672 1883 742 V.
1901 672 1931 738 C.

407 789 562 850 Victoria
584 788 618 848 ci
642 801 686 846 ee·
711 783 851 844 adverso
871 801 1027 844 coronent
1044 785 1153 865 porri·
1206 781 1297 861 718,
1334 776 1421 838 unde
1453 776 1647 850 verisimile,
1686 775 1860 856 Abilenses
1886 794 1935 838 eeu

403 899 510 967 gente.
532 918 575 932 -
602 883 663 946 Sol
681 887 718 947 in
741 884 913 964 quadrigis
937 885 968 948 d.
992 884 1099 959 elatu,
1124 903 1151 946 c
1205 878 1390 943 Leucadios
1406 877 1549 942 libertati
1566 877 1734 942 restitutos
1750 875 1944 942 heneficium·
2059 867 2060 880 ¹

402 987 552 1068 globum,
572 984 722 1052 Macrini.
745 981 938 1068 (Pelleiiu.)
1204 980 1292 1044 istud
1310 981 1483 1045 constituta
1502 979 1628 1063 epocha
1648 976 1845 1042 celebrasse.
1872 979 1933 1041 Hoc

660 1132 682 1172 4
766 1083 786 1123 ⁴⁸
870 1124 889 1169 „
1206 1083 1412 1147 ratiocinium
1423 1095 1463 1144 nt
1475 1081 1597 1158 valeat·
1606 1080 1719 1166 exigit,
1732 1079 1861 1144 Abilam
1873 1099 1935 1144 eau-

418 1221 423 1232 ·
469 1190 622 1271 epocha.-
1205 1185 1282 1249 ‹lem
1299 1183 1400 1246 tuisse
1420 1203 1495 1248 cum
1512 1181 1677 1246 Leucade.

467 1293 501 1372 r)
533 1287 607 1356 ΕΝ.
636 1287 768 1371 Traiani
787 1286 854 1370 jen
874 1288 1006 1352 Dacict'.
1034 1287 1148 1370 (Neris
1267 1286 1437 1369 Epccltam
1455 1287 1503 1347 ΙΙ.
1521 1283 1667 1348 ducitals
1685 1290 1838 1347 autumno
1853 1283 1889 1351 V.
1902 1284 1935 1345 C.

402 1395 465 1476 Ep.
484 1392 611 1474 Syrum.
630 1410 664 1474 p.
676 1389 766 1471 483.)
1204 1383 1278 1452 eoi.
1305 1387 1339 1448 vi
1364 1389 1439 1452 anni
1461 1384 1533 1452 GN.
1555 1387 1590 1448 in
1611 1406 1709 1448 nuno
1732 1385 1861 1468 Traiani
1885 1379 1936 1467 po·
2059 1469 2060 1472 Ἴ

468 1495 503 1574 e)
526 1489 607 1559 ΘΠ.
629 1488 798 1557 Hadriani.
818 1489 980 1574 (Pellerin
995 1489 1146 1573 suppl-1.
1205 1489 1268 1554 sisi.
1290 1489 1420 1551 Annam
1437 1483 1515 1548 ΘΠ.
1534 1489 1568 1549 in
1585 1509 1684 1550 numo
1701 1487 1857 1550 Hadriani
1872 1486 1937 1550 Pel·
2059 1473 2060 1496 ¹

402 1617 435 1678 p.
450 1595 521 1676 36.)
1204 1590 1341 1654 lerinius
1370 1589 1478 1654 eidem
1506 1589 1667 1672 principio
1695 1589 1810 1671 illiget.
1851 1587 1937 1652 Circe

464 1695 501 1778 3)
539 1692 643 1760 ANC.
674 1691 876 1759 Caracallee.
906 1693 1040 1778 (Belley
1067 1691 1091 1760 l.
1113 1713 1144 1762 e.
1202 1691 1238 1754 id
1252 1705 1381 1776 tempus
1395 1690 1548 1754 Claudius
1564 1705 1693 1754 mortuo
1707 1691 1854 1774 Agrippa
1868 1691 1937 1753 Ati·

384 1801 433 1880 'p.
450 1797 541 1880 702.)
1202 1793 1268 1857 lum
1292 1815 1365 1858 cum
1388 1793 1482 1876 Syria
1508 1792 1694 1876 conjunxit,
1725 1812 1878 1876 eumque,
1906 1806 1938 1854 ut

461 1901 499 1980 4)
530 1893 632 1965 ulle.
659 1895 810 1965 leonini.
829 1895 1014 1980 (Pelleria,
1036 1895 1147 1960 Phen-
1201 1895 1350 1972 videtur,
1380 1897 1478 1960 variis
1505 1893 1674 1958 beneficiis
1700 1893 1845 1970 ornavit,
1876 1893 1938 1976 qui·

399 1997 495 2084 poli.)
1201 1996 1262 2060 bus
1284 1997 1361 2060 urbs
1383 1996 1516 2062 delinita
1541 1999 1700 2059 Claudiae
1725 2015 1846 2058 nomen
1868 1993 1940 2058 ado·
2059 2051 2060 2054 ,

461 2101 499 2182 5)
521 2099 618 2166 Aoo.
631 2095 834 2166 GOC.HOC.
853 2097 1019 2164 Gordiani.
1029 2099 1143 2183 (Veill.
1201 2099 1312 2182 ptavit.
1358 2097 1445 2168 Vide
1476 2097 1518 2162 de
1545 2098 1609 2160 laoc
1635 2098 1730 2180 plura
1757 2096 1843 2180 apud
1868 2097 1939 2158 Bel·
2059 2135 2060 2144 .

397 2202 545 2267 Pellerin
564 2203 645 2267 Mel.
659 2201 699 2266 ll.
718 2223 750 2286 p.
761 2200 851 2284 324.)
1198 2201 1309 2282 leyum
1325 2205 1368 2282 0).
1382 2201 1524 2263 Rursum
1535 2219 1618 2280 ergo
1633 2198 1687 2260 hic
1701 2198 1853 2282 exigitur,
1869 2197 1941 2260 Ati-

502 2304 564 2366 His
582 2301 682 2367 udde:
1200 2302 1264 2365 lam
1280 2317 1314 2366 et
1328 2301 1516 2368 Leucadem
1530 2323 1595 2364 non
1610 2301 1710 2363 luisse
1728 2299 1827 2364 urbes
1839 2299 1941 2364 diser

460 2406 499 2488 h)
521 2403 593 2470 ΗΡ.
611 2405 645 2466 in
663 2417 837 2468 autonomo
854 2401 1030 2490 descripto.
1200 2426 1263 2470 sas.
1306 2405 1461 2468 Ceterum
1492 2401 1648 2489 quidquid
1678 2402 1756 2478 erit,
1791 2423 1852 2466 seu
1880 2423 1940 2465 una

456 2506 542 2569 lnito
574 2506 701 2569 calculo
729 2517 879 2589 apparet,
908 2527 1008 2571 annos
1033 2504 1141 2568 numia
1197 2507 1277 2584 isit,
1298 2525 1357 2568 seu
1375 2506 1525 2570 distinctu
1542 2503 1639 2582 urbe,
1661 2503 1793 2584 Belleyi
1810 2524 1939 2566 cessam

400 2631 428 2671 s.
452 2619 486 2670 et
508 2624 537 2667 e.
559 2606 733 2690 inscriptos
763 2607 803 2669 ab
830 2607 934 2670 altero
962 2607 1138 2690 principio,
1180 2629 1264 2670 'non
1290 2607 1480 2688 labeluctst3
1514 2628 1589 2668 nem
1617 2605 1680 2668 etsi
1705 2605 1835 2670 diuersa
1864 2603 1939 2681 fuit,

397 2705 512 2790 eoque
532 2709 720 2770 recentiore
742 2727 814 2770 esse
838 2707 1013 2792 petendos,
1044 2727 1140 2793 quem
1195 2709 1322 2774 vicinae
1352 2697 1464 2772 ambre
1498 2723 1590 2772 certo
1621 2707 1735 2784 inere,
1777 2705 1870 2792 quod
1898 2725 1941 2768 ex

394 2828 497 2871 annos
515 2809 621 2870 numia
637 2807 668 2873 3.
687 2819 719 2886 4.
738 2811 770 2873 5.
791 2809 942 2873 insertos.
1195 2811 1363 2895 utriusque
1381 2811 1422 2874 ael
1438 2805 1677 2892 Chry'eorhoam
1695 2810 1758 2872 situ
1772 2809 1938 2894 colligere

459 2909 680 2990 EpcclsumI.
706 2909 897 2974 vetustioris
925 2909 1079 2993 principii
1106 2910 1140 2972 in
1196 2911 1293 2988 licet,
1331 2925 1427 2995 atque
1462 2911 1539 2976 inde
1571 2911 1701 2976 ridetur
1732 2929 1940 2974 communem

394 3011 502 3072 numia
531 3010 735 3089 Caracallae,
774 3011 930 3088 Macrini,
965 3011 1138 3092 Gordiani,
1195 3034 1327 3099 semper
1341 3015 1469 3077 Leucus
1488 3033 1562 3077 cum
1579 3013 1674 3076 Abila
1699 3012 1852 3078 habuisse
1873 3032 1941 3076 sor·

393 3111 550 3194 Belleyus
569 3112 695 3178 derivet
716 3114 756 3178 ab
778 3113 1043 3180 autumne'VC.
1063 3137 1138 3198 7¹7·
1195 3129 1273 3180 tem.
1349 3167 1359 3200 ,

392 3213 474 3293 Ejus
491 3234 618 3277 causum
638 3216 722 3280 hanc
740 3216 850 3279 statuit
870 3215 916 3296 η)
946 3215 1138 3279 Ptolemaeo
1257 3220 1370 3281 Annus
1396 3213 1469 3282 HP.
1496 3215 1585 3280 citsli
1610 3215 1778 3281 autonomi
1805 3214 1942 3280 dubim

391 3315 580 3379 MenneiF.
594 3316 779 3400 Heliopolis
795 3315 1138 3400 etClteloidisregulo
1191 3318 1369 3404 relinquit,
1398 3321 1465 3380 utri
1486 3318 1633 3402 epochae
1654 3318 1866 3402 applicandus
1888 3320 1941 3380 sit.

391 3415 435 3482 V.
451 3416 488 3480 C.
510 3423 582 3497 7¹4·
604 3431 734 3480 mortuo
757 3419 913 3480 successit
932 3417 1018 3480 iilius
1040 3420 1138 3502 Lysa·
1195 3422 1229 3483 Si
1248 3421 1367 3506 priori,
1390 3421 1534 3504 signatus
1554 3433 1605 3484 est
1622 3420 1807 3504 imperante
1829 3421 1943 3500 Traja-

391 3516 471 3580 nias.
495 3517 547 3578 Ab
566 3519 630 3588 hoe
647 3519 752 3596 Abila,
769 3539 851 3602 qnae
869 3519 1049 3583 secundnm
1061 3521 1138 3584 Bel·
1192 3543 1253 3599 no,
1275 3523 1324 3585 sin
1344 3523 1538 3608 posteriori,
1561 3523 1742 3606 imperante
1760 3505 1941 3584 Antonine.

391 3619 501 3700 leyum
524 3619 638 3683 eadem
661 3635 711 3684 est
732 3641 805 3684 eum
823 3620 993 3701 Leucade,
1016 3642 1137 3707 cogno·
1192 3623 1372 3687 Posteriori
1390 3625 1552 3708 upplicant
1567 3625 1724 3708 Belleyue
1739 3622 1790 3704 d),
1813 3637 1848 3684 et
1864 3623 1941 3686 Pel·
2059 3645 2060 3658 2

391 3740 469 3782 rnen
487 3719 671 3804 Lysaniae,
694 3741 759 3808 quo
780 3721 820 3786 ab
842 3721 914 3786 aliis
935 3725 1137 3807 cognomini·
1191 3724 1327 3788 lerinius
1351 3728 1400 3806 e),
1430 3741 1464 3790 et
1483 3727 1518 3788 in
1539 3728 1654 3810 cupite,
1673 3725 1798 3788 anticae
1821 3725 1939 3788 vident

389 3819 451 3883 bus
486 3821 763 3908 distingueretur,
801 3824 884 3889 tulit.
934 3825 990 3888 Sic
1025 3825 1135 3890 Ptole·
1190 3827 1374 3890 Faustinam
1396 3829 1463 3912 jun.
1485 3827 1545 3890 sub
1567 3827 1699 3890 lunonis
1720 3827 1844 3911 speeie.
1881 3830 1938 3887 An

392 3940 522 3986 naeus:
553 3925 659 3996 Anna
683 3923 886 3998 ἕπικληθεισα
913 3921 1068 4004 Accone,
1100 3941 1134 3991 et
1190 3929 1299 3992 vultus
1320 3929 1515 3994 lineamenta
1536 3929 1773 4015 respondeant,
1803 3926 1866 4012 ipsi
1888 3925 1935 3990 ri·

389 4022 475 4107 opud
491 4023 614 4085 Lucem
629 4023 678 4104 b):
694 4023 834 4087 Aurem
852 4049 909 4104 της
924 4027 1073 4104 Aeeten:
1087 4051 1134 4090 rs·
1190 4027 1310 4095 derint.

388 4143 582 4209 receptator.
619 4125 683 4188 Hic
703 4127 858 4209 Lysaniae
879 4153 898 4194 s
918 4133 964 4195 M.
988 4131 1131 4194 Antonio
1254 4133 1334 4199 ΑΕ.
1354 4133 1427 4196 RB.

302 4443 305 4450 ⁴
424 4435 894 4517 s)1.c.p.res.·l›)Cap.u.
970 4443 1194 4520 etopus.
1268 4443 1499 4524 ettapnot.
1572 4445 1856 4523 oleran-proo-
