4196 5458
439 551 516 623 aas
782 533 944 620 ‚rivus
977 531 1324 607 rnructrvu
1354 471 1636 610 tvnscsc.

436 671 528 769 idem
549 703 705 768 accidisse
729 697 868 767 vidimus
897 702 932 762 iu
961 701 1074 764 subitis
1102 723 1183 765 non·
1239 704 1347 779 tione,
1378 702 1418 766 ab
1446 703 1497 766 his
1524 701 1630 764 nuruis
1649 699 1754 766 valide
1775 701 1958 781 confirmari,
2062 753 2063 764 ,

435 809 601 872 nullorum
623 819 833 887 tyrannorum
858 805 1022 886 imperiia;
1049 825 1122 866 nam
1148 817 1182 868 et
1222 805 1327 889 ¹quod
1356 805 1485 889 pridem
1515 804 1692 878 docuerat,
1724 803 1888 866 literarum
1915 807 1960 870 Sa·
2062 801 2063 812 ³

434 908 631 992 Regalianus
651 921 685 969 et
703 905 883 987 Dryantilla
902 905 974 968 fere
996 923 1128 990 semper
1147 906 1181 968 in
1238 909 1465 970 maritanarum
1489 927 1583 968 usum
1605 905 1691 988 apud
1709 903 1843 968 ludaeos
1861 906 1959 968 saltem

435 1012 541 1073 aliena
574 1021 704 1071 moneta
737 1008 892 1070 habitant.
937 1006 1052 1068 attera
1086 1027 1181 1070 causa
1237 1029 1341 1092 usqne
1365 1009 1406 1072 ad
1430 1010 1568 1071 alterum
1593 1019 1668 1090 post
1687 1006 1850 1068 Christum
1868 1028 1959 1072 eaeru-

434 1111 515 1186 fuit,
543 1110 630 1192 quod
649 1129 752 1172 novos
772 1109 877 1170 numia
898 1107 1116 1190 imperatoriis
1138 1123 1184 1192 ty·
1240 1110 1308 1174 lum
1329 1111 1478 1176 valuisse.
1919 1165 1922 1170 .

410 1253 413 1258 ·
434 1233 496 1296 pos
512 1209 698 1306 ipdcoendo
720 1223 883 1272 monetam
903 1222 1048 1272 exteram
1065 1211 1099 1271 in
1115 1233 1183 1274 mo·
1303 1215 1426 1275 Numos
1443 1209 1583 1294 primum
1598 1229 1636 1274 ao
1653 1211 1803 1284 tertium,
1825 1227 1900 1292 quos
1914 1209 1961 1270 ini·

435 1327 543 1375 netem
571 1313 671 1376 moris
698 1312 820 1374 Iudaici
844 1311 1023 1388 convertit,
1056 1332 1097 1374 ex
1119 1333 1182 1396 qna
1240 1316 1286 1376 tio
1304 1313 1481 1395 descripsi,
1505 1333 1579 1375 esse
1596 1332 1637 1374 ex
1652 1312 1761 1374 'obviis
1781 1311 1902 1392 Traiani
1917 1311 1961 1372 de·

426 1433 498 1498 ‚pro
517 1427 630 1477 vetere
654 1413 800 1476 instituto
820 1413 951 1496 quaeris
972 1413 1181 1476 animantium
1239 1396 1357 1492 habiit,
1395 1415 1492 1478 facile
1529 1413 1716 1496 inspicienti
1754 1411 1879 1496 patebit
1917 1415 1960 1474 Al·

402 1563 405 1578 ,
437 1515 529 1598 signa
567 1512 750 1576 exulabant.
797 1512 891 1574 Adde
933 1513 1182 1590 contumeliam,
1239 1527 1291 1578 ter
1321 1513 1468 1598 pondere
1497 1514 1670 1578 drachmae
1697 1514 1812 1578 obrius
1832 1514 1902 1575 item
1921 1531 1960 1578 est

437 1637 521 1698 quae
543 1615 688 1699 speciem
712 1613 861 1698 praebuit
882 1619 915 1679 in
936 1619 1037 1702 ipsius
1064 1615 1183 1703 princi·
1240 1617 1387 1701 ejusdem
1414 1615 1620 1698 imperatoris
1641 1636 1684 1678 ex
1708 1635 1959 1699 eorumgenere,

435 1719 487 1800 pis
522 1729 618 1800 caput
652 1711 886 1796 saevientium,
931 1719 1196 1803 conjurandum·-
1239 1739 1378 1802 quorum
1402 1739 1514 1780 auersa
1539 1717 1732 1780 inscribitur
1754 1715 1961 1800 ΔΗΜαρχικης

437 1838 521 1902 que,
552 1839 627 1880 cum
655 1839 696 1881 ex
726 1835 950 1884 monetaeum
973 1822 1103 1905 publica
1125 1819 1182 1880 de·
1240 1815 1650 1894 ΕΞυσιαςΤΠατοςΒ.νεΙ
1669 1813 1711 1880 Γ.
1730 1807 1959 1904 remotoque

437 1920 616 1984 turbarent.
655 1920 715 1981 His
738 1941 819 2004 ergo
842 1921 884 1985 de
906 1911 1010 1986 causis
1031 1935 1181 1986 veterem
1242 1941 1283 1985 ex
1300 1921 1478 2004 epigraphe
1494 1934 1644 2003 superest
1658 1933 1785 1982 tantum
1801 1915 1959 1998 Tssa.‚tt

436 2034 588 2102 intinctae
611 2021 735 2104 patriae
761 2043 889 2084 morem
914 2025 1101 2099 revocavit,
1128 2034 1185 2084 aut
1242 2037 1310 2084 est:
1342 2022 1435 2087 COS.
1457 2023 1514 2088 IV.
1559 2024 1611 2084 Ex
1639 2021 1852 2106 inscriptione
1879 2023 1957 2106 partis

436 2121 547 2186 verius
566 2142 682 2184 numos
698 2135 829 2188 veteres
849 2125 1016 2210 Simeonis
1032 2124 1184 2201 restituit,
1242 2125 1366 2188 sutic‘ae
1396 2125 1530 2188 alterius
1564 2123 1692 2186 incudis
1731 2123 1884 2205 injuriam¹
1901 2144 1957 2188 era·

437 2224 556 2288 eodem
575 2222 671 2306 plane
694 2223 812 2301 modo,
842 2247 908 2310 quo
929 2247 1046 2290 numos
1070 2245 1185 2290 cousu-
1242 2246 1317 2288 sere
1337 2226 1453 2292 literae
1470 2225 1624 2308 rgaIAN.
1645 2222 1745 2292 CGB.
1763 2221 1857 2291 ΓΕΡ.
1874 2223 1958 2288 Aba·

436 2325 525 2388 lares
544 2323 659 2387 eadem
678 2324 750 2388 sere
770 2339 875 2392 aetate
896 2351 914 2392 a
932 2327 1185 2412 Trajanoresti·
1240 2340 1369 2403 screto.
1410 2339 1420 2354 ’
1479 2396 1484 2405 ,

436 2439 523 2490 tutos
547 2426 696 2492 videmus
720 2430 857 2494 servatis
874 2431 1049 2494 tamensis
1069 2449 1185 2493 eorum

436 2527 640 2610 archetypis,
658 2541 704 2610 =ut
728 2529 791 2592 nisi
814 2531 995 2614 epigraphe
1017 2527 1184 2594 restitutos
1353 2569 1406 2632 De
1427 2572 1536 2632 num-s
1557 2569 1739 2632 Hebraicis
1761 2569 1872 2632 dubiis·

436 2629 581 2704 diceret,
607 2627 772 2712 hodieque
798 2650 871 2697 cum
898 2632 1084 2716 archetypis
1109 2633 1185 2694 mis·

436 2749 608 2805 ceremus,
644 2741 679 2790 et
708 2741 816 2792 tumen
847 2744 1062 2818 utrorumque
1095 2748 1183 2797 aetas
1341 2743 1597 2846 nwfflpmjfl
1619 2744 1794 2844 pant-mot
1816 2733 1957 2806 (leochar-

434 2831 483 2892 sic
509 2828 621 2904 distat,
651 2841 687 2890 ut
711 2842 797 2892 setas
819 2852 994 2896 numerum
1018 2835 1182 2898 Simeonis
1341 2837 1453 2898 nobem
1469 2838 1622 2897 sacerdos
1634 2841 1805 2919 prioreps)
1822 2838 1957 2914 tarraco-
2062 2895 2063 2920 p

435 2929 662 3006 Macchabaei‚
687 2916 724 2993 'et
745 2950 878 3008 eorum,
902 2953 984 3018 quos
1002 2958 1022 2998 a
1039 2937 1183 3000 Barcho·
1338 2957 1465 3000 ronam.

436 3031 518 3096 eeha
533 3031 701 3094 restitutos
719 3030 797 3097 dixi.
821 3031 964 3126 Quodsi
984 3037 1190 3120 scriptorum·
1231 3037 1375 3100 ·Literoe
1391 3039 1523 3104 derbiae.
1547 3037 1682 3118 Duplex
1702 3039 1906 3116 cornucopiue
1919 3027 1956 3094 ti·
2062 3123 2063 3126 Ἴ

300 3123 304 3130 ’
435 3146 585 3198 veterum
610 3132 720 3194 nullus
748 3135 914 3210 meminit,
948 3135 1032 3200 haue
1059 3161 1078 3200 a
1104 3139 1184 3200 Bar·
1240 3137 1954 3222 termedr'opupouere.AE.111.(BayerNum.

436 3232 583 3312 choceba
605 3233 846 3298 restitutionem
871 3249 1043 3312 tentatam,
1074 3251 1106 3302 at
1126 3259 1184 3301 ue·
1237 3237 1341 3302 Hebr.
1361 3261 1393 3321 p.
1407 3243 1491 3326 1¹76.)

436 3354 501 3418 que
525 3347 676 3401 veterum
701 3337 860 3420 quispiam
880 3339 1049 3404 restitutae
1069 3361 1087 3404 a
1104 3341 1183 3404 Tra·
1300 3343 1338 3402 In
1356 3341 1421 3404 slio
1441 3343 1554 3406 simili:
1631 3381 1635 3387 -

434 3437 509 3517 jano
528 3450 678 3500 monetae
695 3437 855 3506 meminit.
1297 3475 1447 3497 .....
1468 3450 1589 3548 ppffiflt
1622 3463 1764 3526 superne
1794 3443 1824 3506 Α
1851 3443 1956 3518 relrhua

442 3607 445 3612 ¹
497 3537 639 3600 Perlatis
673 3559 780 3623 nuper
806 3539 847 3602 ad
874 3561 947 3618 me,
980 3561 1059 3627 quas
1085 3541 1180 3608 avide
1237 3545 1415 3626 epr'grophe
1439 3543 1550 3606 dubio.
1589 3545 1659 3610 ΑΕ.
1675 3543 1734 3611 ΠΙ.
1766 3546 1877 3628 (Bayer
1900 3541 1954 3602 he
2062 3569 2063 3646 p

436 3651 723 3720 exspectaveram,
758 3642 879 3723 Bayeri
909 3643 1068 3712 Vindiciis
1098 3643 1182 3723 vidi,
1240 3663 1273 3728 p.
1288 3643 1356 3725 178.
1378 3646 1465 3708 Mus.
1483 3643 1592 3725 Caes.)

435 3738 524 3800 idem
545 3755 773 3823 argumentum
797 3743 883 3808 baud
904 3745 948 3808 ita
971 3743 1100 3827 pridem
1121 3758 1184 3810 tra·
1339 3754 1459 3827 tinam
1493 3717 1593 3826 [ΜΠ
1623 3753 1724 3854 'mn
1758 3755 1829 3850 [mi
1866 3745 1956 3814 (lomb

436 3853 556 3904 etatum
577 3863 706 3927 quoque
725 3841 826 3908 fuisse
843 3867 860 3908 a
879 3845 923 3911 ci.
939 3845 1182 3928 Barthelemyo‚
1338 3845 1420 3908 thou
1444 3847 1602 3908 incertior
1629 3867 1772 3930 mugnus
1799 3859 1832 3909 et
1847 3879 1862 3896 ·
1878 3880 1890 3894 ·
1906 3879 1917 3894 ·
1932 3856 1953 3914 ·)

434 3954 589 4026 utsupra
612 3943 652 4006 ad
674 3943 769 4026 hujus
794 3947 926 4030 generis
956 3967 1089 4008 numum
1115 3935 1183 4029 pri·
1336 3947 1430 4008 intra
1452 3967 1617 4032 cononum.

436 4063 524 4106 mum
555 4042 706 4108 iudicari.
748 4045 823 4140 Quo
860 4047 894 4108 iu
929 4048 1101 4112 ratiocinio
1136 4050 1181 4114 its
1239 4047 1377 4130 Duplex
1406 4047 1628 4126 cornucopioe
1654 4031 1845 4110 intermedio
1872 4065 1954 4128 popu-

434 4143 515 4206 mihi
544 4164 617 4208 cum
640 4147 712 4210 viro
734 4167 861 4210 summo
883 4151 1054 4228 convenit,
1083 4163 1119 4211 ut
1145 4149 1181 4212 iu
1236 4169 1319 4210 vere.
1350 4147 1420 4212 ΑΕ.
1438 4147 1495 4216 tv.
1517 4147 1742 4230 (Barthelcmy
1763 4151 1800 4212 B.
1814 4151 1851 4214 1..
1877 4151 1952 4210 Tou.

433 4246 503 4320 his,
532 4265 615 4330 quae
643 4246 677 4306 in
706 4247 766 4311 hac
797 4269 890 4312 causa
918 4251 1016 4314 modo
1046 4251 1183 4334 exposui
1229 4249 1357 4330 XXIV.
1378 4249 1495 4332 psit.)

435 4359 510 4409 aute
540 4365 641 4411 anuos
672 4346 734 4428 jum
765 4351 880 4432 piures
911 4351 1017 4415 literis
1047 4351 1180 4428 tradita,
1301 4349 1394 4413 Alios
1410 4348 1568 4414 similest
1589 4350 1686 4413 variis
1707 4350 1812 4415 editos
1831 4362 1953 4434 seperate

434 4447 517 4508 nihil
549 4461 762 4526 occurreret,
803 4449 891 4533 quod
920 4451 1106 4516 mutandum
1137 4451 1183 4518 ri·
1239 4437 1350 4514 tabula
1387 4451 1494 4534 pictos
1537 4449 1618 4514 stitit
1657 4452 1812 4536 Bayerius
1839 4453 1883 4533 Ι),
1921 4449 1953 4512 sd

327 4561 331 4572 ·
434 4544 578 4612 deretur.
608 4549 709 4612 Addit
731 4551 819 4613 idem
839 4552 874 4612 in
895 4553 1008 4617 eadem
1030 4552 1182 4618 dissmte
1239 4573 1321 4638 quos
1340 4551 1679 4632 animadvertendum,
1706 4573 1817 4620 omnes
1833 4555 1952 4616 interne

439 4683 1937 4720 mm

472 4717 503 4818 t)
523 4749 610 4810 Num.
626 4754 718 4814 Hebr.
733 4771 834 4838 p.190.
