4168 5454
439 559 510 627 522
941 533 1244 622 SELEVC‘IS,
1274 532 1490 606 risula.

312 723 316 736 '
440 748 442 754 ·
504 713 611 794 Caput
643 707 802 772 muliebre
835 704 980 770 relatum
1011 663 1178 767 turritum.
1237 701 1272 762 iu
1290 701 1443 764 Larissae
1465 699 1673 766 Thessalicae
1696 705 1794 771 numia
1815 709 1935 781 obuium.
2040 734 2042 757 .

437 811 461 874 Ξ
492 811 616 876 Eadem
647 808 846 892 Epigrupisc.
891 805 1002 886 Equus
1030 825 1180 888 pascens·
1236 803 1319 874 Nam
1330 821 1410 866 cum
1423 815 1556 866 constet
1574 823 1616 866 ex
1631 806 1787 888 Appiano,
1805 811 1937 880 Larissam

437 909 815 995 AE.1V.(Theupoli.)
1238 905 1351 988 Syriae
1384 927 1403 970 a
1435 904 1668 968 Macedonibus
1703 911 1876 993 appellatam
1905 937 1938 980 ex

498 1015 665 1077 Hactenus
683 1031 725 1076 ex
741 1007 996 1109 antiquariorum
1015 1007 1098 1072 scito
1116 1029 1179 1071 uua
1235 1007 1368 1070 uomiue
1388 1005 1540 1070 Larissae
1562 1007 1747 1072 Thessaliae
1765 1015 1806 1094 ¹),
1825 1037 1937 1098 prauum

437 1115 626 1181 Thessaliae
663 1112 793 1176 Larissa
833 1109 1020 1195 praeteritis
1061 1107 1180 1173 ecdem
1236 1120 1288 1172 est
1308 1107 1465 1188 credere,
1494 1129 1597 1174 noros
1613 1110 1798 1174 -Lsriasaeoa
1817 1116 1939 1184 Larisam

435 1215 658 1282 ucmiuealiis
675 1235 755 1278 suos
770 1226 867 1277 nacta
888 1223 940 1276 est
957 1231 1093 1288 numos,
1120 1209 1180 1275 sed
1235 1211 1358 1274 neuris
1387 1231 1450 1274 ceu
1479 1211 1673 1296 metropolis
1702 1226 1789 1294 typos
1815 1215 1938 1285 imitatos.

435 1317 609 1386 observavi
630 1317 745 1394 etiam,
775 1315 806 1377 ei
830 1313 1005 1378 uouuallos
1033 1332 1074 1375 ea
1096 1313 1190 1376 .alie··
1236 1311 1364 1374 Eodem
1386 1314 1490 1376 modc’
1508 1313 1672 1390 ridemus,
1702 1313 1802 1378 Panas
1822 1317 1941 1402 effigiem

434 1443 479 1488 no
504 1419 670 1503 adjectos,
698 1417 733 1479 iu
760 1435 899 1502 quorum
923 1433 1063 1478 numero
1089 1434 1178 1498 pona
1236 1432 1278 1478 ex
1299 1413 1413 1478 Pellae
1430 1413 1662 1481 Macedonicae
1685 1415 1785 1478 numis
1805 1417 1836 1478 iu
1853 1441 1941 1486 nore

436 1543 512 1604 eos,
541 1543 626 1608 qaus
652 1517 710 1583 hic
737 1518 826 1587 sisto.
864 1513 983 1582 Gausas
1010 1515 1082 1579 fere
1111 1535 1178 1579 eas·
1236 1527 1300 1578 tam
1319 1515 1433 1580 Pellae
1453 1516 1726 1610 Decapolitauae,
1751 1538 1827 1603 qaae
1843 1519 1942 1610 chilla

434 1625 511 1690 dem
532 1623 658 1698 habeo,
688 1619 805 1706 quihus
831 1633 938 1684 motus
965 1637 1080 1681 numos
1102 1614 1178 1680 Ali·
1234 1637 1355 1681 nomeu
1374 1620 1516 1702 accepit,
1539 1616 1727 1682 traductam.

320 1749 324 1762 ·
433 1721 707 1791 ΜΗΤΡΙΕΩΝ.
734 1717 846 1786 ΤΗΣ.
871 1715 1024 1784 ΙΕΡΑΣ.
1057 1719 1178 1782 Deme·
1300 1719 1381 1786 ΛΕ.
1400 1721 1537 1785 huuc

431 1827 530 1892 triadi
547 1825 756 1888 Thessalicae
773 1823 958 1906 ademptos,
976 1835 1011 1883 ut
1028 1821 1063 1881 iu
1081 1821 1176 1903 hujus

430 1931 536 1994 numia
566 1926 651 2002 disi,
684 1925 889 1990 Demetriadi
917 1920 1174 2003 cuidam'isyrae
1395 1925 1780 2031 'MYRMNDRVSO

429 2027 650 2096 restituendos
672 2047 881 2104 censueram,
904 2022 1108 2109 epigraphen
1129 2022 1176 2084 ia-
1440 2085 1443 2090 .

430 2133 562 2218 lulligo,
581 2144 691 2213 typos,
712 2143 746 2194 et
764 2127 929 2194 fabricam.
945 2128 1018 2190 lam
1033 2125 1174 2208 primum
1293 2125 1347 2190 ad
1363 2127 1469 2192 sinum
1484 2129 1632 2206 Issicum,
1657 2143 1693 2194 at
1707 2128 1837 2194 ‚Ciliciae
1850 2127 1929 2193 huss.

428 2255 512 2322 quae
548 2232 595 2295 ibi
627 2232 669 2297 de
700 2229 846 2295 tornata
874 2225 985 2296 ΤΗΣ.
1017 2219 1172 2291 ΙΕΡΑΣ,
1292 2229 1506 2313 Ιηιρσνᾳῑονὶἰ
1525 2226 1893 2295 ΜΤΡΙΑΝΔΡΙΤΩΝ
1911 2241 1948 2313 tp·

428 2351 464 2400 et
486 2336 666 2421 scripturae
688 2333 787 2397 modo
808 2355 828 2396 a
848 2343 978 2396 moneta
1000 2327 1174 2411 Europsea
1229 2331 1280 2416 pis
1299 2331 1403 2398 obviis
1417 2331 1574 2396 Antonini
1588 2345 1625 2400 et
1641 2333 1782 2404 Aurelii.
1801 2332 1918 2420 (vaist.)

429 2439 544 2502 alienis
567 2436 746 2522 disputavi,
774 2434 815 2497 ad
839 2433 922 2498 hanc
944 2432 1041 2496 etiam
1067 2430 1175 2494 Laris·
1294 2433 1376 2500 ΑΕ.
1394 2434 1500 2502 ltsslt.

427 2561 496 2603 sam
519 2541 627 2625 omnia
647 2537 809 2604 valebant.
845 2535 937 2598 Idem
959 2533 1108 2627 intellige
1130 2529 1173 2594 ds
1493 2591 1497 2600 ,

426 2643 531 2724 typis,
553 2661 626 2703 nam
647 2652 746 2722 eaput
767 2635 929 2700 muliebre
944 2635 1087 2700 velatum
1107 2647 1173 2695 tor·
1277 2669 1566 2738 NICOPOLIS
1597 2673 1918 2746 SEIAEVCIDIS·

426 2743 528 2804 ritum
548 2743 622 2805 iere
644 2741 793 2802 Cilicium
823 2749 946 2802 tantum
976 2749 1026 2800 est
1053 2749 1088 2799 et
1107 2735 1173 2818 'Sy-

427 2865 517 2938 rum,
546 2843 683 2904 thronus
705 2861 803 2917 sero,
825 2841 880 2905 sel
902 2839 985 2902 sella
1006 2857 1113 2912 sacra,
1132 2849 1171 2898 ut
1292 2839 1396 2924 Hujus
1424 2841 1564 2906 uomiuis
1590 2842 1711 2906 urbem
1736 2846 1774 2906 in
1796 2837 1950 2906 ‘Seleucida

424 2957 523 3030 typus
556 2957 607 3007 est
634 2943 815 3025 Europaeis
848 2941 986 3004 urbibus
1022 2940 1170 3022 ignotus,
1224 2940 1351 3005 diserte
1370 2957 1552 3006 memorant
1570 2947 1681 3019 numi,
1704 2959 1738 3008 at
1755 2945 1810 3008 uhi
1827 2945 1881 3008 sita
1896 2945 1952 3008 fue·

426 3049 474 3110 sic
501 3045 615 3110 eadem
641 3045 668 3106 ia
693 3045 798 3106 iorsua
821 3055 989 3125 comparet
1006 3041 1042 3102 iu
1062 3039 1170 3102 armis
1226 3043 1288 3120 rit,
1311 3041 1354 3106 lis
1376 3058 1435 3108 est.
1459 3045 1604 3110 Cessent
1621 3047 1813 3132 antiquarii,
1827 3068 1896 3112 esse
1910 3060 1952 3110 sat

425 3147 615 3211 Polemonis
655 3144 837 3209 sacerdotia
879 3143 986 3208 Olbae
1023 3141 1166 3205 Ciliciae.
1226 3147 1347 3222 lasum,
1380 3165 1463 3230 quae
1489 3166 1532 3209 ex
1557 3147 1699 3213 victoria
1725 3151 1895 3213 Alexandri
1919 3146 1952 3208 ds

424 3251 551 3314 Eorum
583 3267 664 3312 vero
698 3245 820 3310 lubrica
852 3259 1005 3330 quantum
1038 3243 1169 3308 abludat
1224 3246 1327 3310 Dario
1355 3247 1458 3310 relata
1486 3247 1573 3312 dicta
1595 3247 1665 3312 fuit
1691 3251 1862 3334 Nicopolis
1881 3261 1952 3313 teste

424 3350 465 3414 ab
498 3351 569 3428 illa,
609 3371 704 3436 quam
730 3333 878 3412 offerunt
908 3349 990 3412 certi
1018 3347 1167 3410 Larissae
1224 3348 1391 3431 Stephano
1405 3345 1462 3430 it),
1487 3351 1782 3434 ascensorios),
1805 3353 1951 3418 sataliam

427 3452 636 3516 Thessalicae
654 3452 760 3536 numi,
780 3451 849 3512 sola
867 3450 1098 3512 iconismoruur
1119 3449 1168 3511 iu-
1225 3449 1301 3514 huic
1334 3451 1472 3516 vicinam
1494 3453 1690 3536 Nicopolin,
1723 3475 1818 3540 quam
1842 3455 1879 3519 ab
1897 3456 1953 3516 lssc

424 3553 549 3636 spectio
581 3553 708 3616 abunde
738 3552 848 3616 dictat.
892 3549 1056 3644 Quocirca
1090 3569 1166 3618 oum
1222 3553 1385 3617 diversam
1406 3554 1533 3618 'faciunt
1556 3553 1681 3618 Strabo
1702 3569 1737 3619 et
1754 3557 1951 3620 Ptolemaeus.

425 3655 532 3719 omnia
555 3655 714 3718 Larissam
744 3653 883 3739 aliquam
910 3654 944 3714 in
972 3655 1098 3718 oriente
1126 3653 1167 3715 si·
1223 3653 1309 3722 Vide
1332 3655 1416 3718 bane
1440 3655 1646 3740 litsmapud
1666 3659 1844 3740 Haymium
1862 3647 1905 3739 d),
1928 3669 1953 3717 et

424 3771 489 3820 tam
521 3755 734 3839 eloquantur,
771 3775 809 3819 ae
839 3767 1011 3839 praeterea
1044 3767 1168 3818 certum
1224 3755 1396 3838 Belleyum
1418 3759 1459 3840 eJ.

423 3858 601 3922 habeamus
631 3859 794 3921 Larissam
824 3856 1009 3920 Seleucidis
1038 3857 1167 3939 Syriae,

424 3978 533 4042 neque
566 3959 657 4022 illam
687 3959 876 4035 obscuram,
915 3957 975 4022 sed
1008 3979 1026 4020 a
1057 3957 1167 4020 maltis

425 4060 639 4143 scriptoribus
656 4059 833 4142 proditam,
860 4080 941 4144 quos
960 4057 1077 4122 recitat
1094 4059 1168 4122 Cel·
1287 4057 1707 4132 ΝΕΙΚΟΠΟΛΕΙΤΩΝ.
1756 4066 1858 4134 THC.
1900 4067 1956 4131 ce

421 4159 541 4238 larius,
571 4180 671 4224 nemo
694 4163 774 4239 erit,
803 4163 860 4246 qui
885 4182 957 4224 eam
983 4180 1050 4222 uon
1076 4159 1166 4222 malit
1218 4157 1730 4237 herffluoc.1t·:PAO.ce.
1766 4168 1955 4246 Corono,iu
2044 4223 2045 4250 ,

423 4283 503 4347 praa
525 4261 713 4326 Thessalica
742 4264 861 4326 horum
889 4262 1023 4345 patriam
1051 4280 1165 4324 namo-
1220 4285 1320 4328 numo
1338 4266 1519 4342 Commodi,
1536 4279 1573 4329 et
1590 4267 1727 4336 Severi.
1745 4273 1872 4354 (Haym.
1889 4271 1956 4348 le.)

422 4385 495 4426 rum
517 4383 706 4446 agnoscere.
744 4365 859 4448 Neque
882 4384 962 4426 reru
984 4363 1104 4438 obstat,
1130 4363 1163 4424 in
1283 4367 1469 4432 Postremus
1495 4369 1608 4434 literas
1634 4369 1707 4438 ΟΕ.
1736 4375 1825 4457 (uam
1849 4371 1893 4438 sie
1913 4389 1957 4434 rc·

423 4465 540 4528 borum
563 4487 628 4529 uuo
650 4464 795 4528 affictum
826 4485 944 4548 equum
976 4477 1164 4546 pascentem
1220 4469 1584 4536 seraserihuntursiue
1600 4483 1731 4556 puncto
1751 4475 1958 4556 medic)Hsy-

422 4601 1951 4636 *W

457 4687 617 4842 ⁸²)9685riac.
689 4691 881 4764 b)iu1ssrsa
951 4695 981 4765 c)
1001 4691 1042 4748 sd
1056 4691 1177 4765 Dionys.
1192 4707 1292 4768 ΜΨ.
1360 4693 1617 4776 d)T.il.p.299-
1691 4699 1956 4774 aarum

420 4789 451 4848 p·
516 4815 523 4830 .
1019 4829 1022 4836 Ι
1768 4817 1770 4824 .

1450 3925 1750 4012 Imperatorii:
