4160 5454
630 590 829 664 uaeas
869 535 1087 664 statua.
1473 599 1475 604 ’
1554 617 1624 680 212

108 759 181 826 iatud
207 761 279 824 into
311 773 494 824 numatam
519 757 765 842 Luciannm1).
802 757 832 824 Δ
886 761 994 826 dictat
1021 775 1071 828 eat
1092 783 1110 824 a
1128 759 1288 838 Miloaiia,
1309 777 1479 848 postquam
1505 769 1629 832 Timar·
1694 819 1697 826 .

108 863 195 948 gratia
217 863 319 946 igitur
341 861 438 924 Atiae
466 863 598 946 populia
621 882 697 926 oum
722 863 833 948 appol·
889 863 985 928 chum
1021 885 1136 927 eorum
1167 879 1337 947 tyranuum
1366 868 1495 933 evertit.
1538 872 1629 936 Haec

109 969 194 1031 latum
215 959 351 1042 Σωτηςα
375 985 471 1049 cupra
494 964 655 1041 dirimat,
684 985 833 1028 numum·
889 965 1056 1050 Appianas
1082 963 1142 1048 b),
1178 965 1237 1030 aed
1272 978 1307 1028 et
1340 968 1448 1030 Deum
1488 971 1631 1054 appellat

108 1088 162 1156 quc
181 1067 264 1130 hunc
286 1069 358 1150 ejna
382 1067 500 1131 honori
520 1067 682 1149 nigratum
701 1069 736 1130 in
754 1068 832 1130 haia
889 1066 1077 1142 Euocbiun,
1112 1066 1248 1152 ejusque
1272 1068 1437 1153 intorprea
1468 1071 1631 1156 Hierony·

106 1171 239 1246 minore,
273 1183 307 1231 ct
334 1169 464 1253 quidem
495 1167 622 1244 Mileti,
652 1169 832 1234 verisimile
889 1189 973 1236 mna.
1001 1169 1053 1232 Eo
1068 1165 1346 1252 beliiaAegyptiia
1364 1169 1506 1242 dictante
1523 1175 1632 1238 'I'hoo-

107 1271 173 1339 iacit
187 1290 430 1353 monogramma
441 1267 531 1348 ML,
550 1269 639 1354 quod
653 1273 832 1356 plerosquo
890 1271 986 1334 dotua
1008 1269 1254 1334 Bactrianorum
1276 1283 1401 1355 natrapa
1421 1295 1441 1334 a
1465 1275 1554 1356 Syria
1576 1278 1633 1340 de·

108 1373 167 1454 ejuu
195 1373 282 1436 urhia
316 1390 434 1435 numos
474 1371 667 1454 distinguit,
707 1373 833 1438 iuaorto
889 1373 968 1438 licit.
1003 1371 1084 1454 Ejua
1102 1374 1289 1456 exemplum
1310 1373 1415 1435 aconti
1436 1375 1548 1438 Parthi
1574 1377 1632 1442 du·

109 1488 258 1558 praeterea
280 1473 459 1558 elephanto
478 1473 547 1555 ajat
564 1474 721 1538 victoriae
740 1495 834 1557 pree·
891 1475 982 1538 cibna
1008 1474 1132 1537 Araace
1162 1487 1197 1537 et
1222 1471 1368 1537 Tiridata
1396 1493 1492 1538 caeso
1520 1481 1633 1541 Antio·

110 1579 188 1660 cinna
215 1595 321 1641 cama.
361 1575 407 1642 Vt
433 1573 520 1637 hunc
546 1595 681 1638 numum
710 1577 833 1640 certius
890 1575 945 1640 chi
977 1588 1103 1658 natrapu
1140 1593 1278 1657 regnum
1304 1575 1367 1659 ipsi
1392 1596 1523 1660 quoque
1556 1598 1633 1642 cou-

111 1677 253 1740 llileuium
277 1675 480 1760 probarem,
516 1677 670 1764 conjunxi
693 1678 832 1762 alterum
889 1678 1035 1742 atitouut.
1066 1675 1118 1736 Ab
1139 1697 1242 1740 uxore
1258 1677 1401 1763 Laodice
1423 1696 1549 1739 ueneno
1572 1679 1632 1742 tol·

112 1778 283 1861 iuacriptum
308 1775 438 1855 MlA.,
473 1777 536 1841 etei
564 1780 666 1842 nolim
700 1793 834 1842 conten·
889 1779 968 1841 litur
985 1777 1076 1844 Μ’.
1094 1779 1172 1860 607.-

111 1879 162 1941 tinu
174 1877 361 1954 adfirmare,
381 1898 454 1942 eoae
469 1899 546 1968 eum
563 1879 658 1964 hujua
671 1881 835 1944 Antiochi.
937 1871 1047 1947 'onr
1064 1879 1089 1940 1.
1114 1880 1258 1940 Laodice
1275 1897 1390 1956 aoror,
1413 1900 1455 1943 ex
1479 1901 1539 1964 qua
1565 1882 1631 1944 uati

111 1979 140 2038 lu
156 1980 309 2044 Antiocho
334 1982 391 2044 111.
419 1994 573 2044 occurret
597 2003 714 2046 nnmua
739 2006 758 2047 a
779 1983 834 2046 Sa·
890 1982 1050 2054 Seleucus
1072 1980 1112 2043 11.
1150 1992 1184 2040 et
1208 1980 1388 2044 Antiochou
1424 1983 1568 2058 Hieron,
1599 1997 1633 2046 ct

113 2077 171 2140 miit
197 2079 351 2164 aignatna.
401 2083 525 2145 Numae
546 2085 602 2149 111.
638 2104 680 2150 cx
718 2084 833 2148 eadem
891 2081 977 2145 filiae
1000 2081 1132 2164 aliquot.
1167 2081 1256 2146 onr
1277 2082 1317 2146 11.
1341 2083 1499 2167 Berenice
1523 2085 1633 2148 Ptole·

113 2179 212 2264 opinor
234 2201 331 2246 cauta
355 2181 564 2264 elephantum
589 2185 683 2252 nictit.
724 2190 760 2250 In
782 2208 835 2249 an·
891 2181 976 2245 maci
1010 2179 1218 2263 Philadelphi
1241 2182 1307 2258 F.,
1337 2203 1432 2267 qnam
1460 2184 1549 2268 pecie
1580 2167 1634 2250 eu'-

113 2281 163 2344 tica
192 2294 262 2344 aunt
299 2283 412 2365 clypei
447 2285 676 2363 Macedonici,
706 2287 836 2369 insigne
891 2284 987 2368 pidua
1021 2279 1195 2378 'repudiata
1229 2279 1379 2347 Laudice
1419 2283 1534 2361 duxit,
1572 2285 1634 2347 aed

113 2383 218 2462 guntin,
243 2403 285 2446 ex
308 2404 375 2467 qua
394 2384 506 2466 Syriae
533 2407 633 2471 regua
663 2386 771 2466 docti,
802 2401 835 2450 et
892 2399 1023 2448 mortuo
1053 2385 1246 2446 Ptolemaeo
1286 2384 1471 2468 repudiavit
1503 2404 1632 2470 quoqne

113 2485 357 2568 mcoraiuaiguu
375 2487 583 2568 gentilitiam.
613 2489 657 2550 Et
673 2491 835 2553 reroAn·
892 2499 1048 2552 revocata
1074 2485 1218 2550 Laodice
1256 2487 1343 2552 rnalo
1377 2507 1437 2550 auo
1474 2486 1567 2563 fato,
1597 2499 1634 2548 ut

114 2583 388 2652 tioclieaercitom
409 2585 451 2649 da
466 2587 569 2650 Gallia
583 2588 742 2654 rictorem
758 2609 835 2654 con·
891 2589 1026 2654 dictum.
1062 2585 1065 2600 '

114 2685 214 2750 utitieaa
231 2689 330 2752 etiam
347 2689 601 2770 Macedonibus,
623 2689 741 2755 nodam
759 2689 836 2754 loco

115 2787 201 2849 relect
212 2789 389 2858 Luciumue.
454 2877 474 2912 ,ι
1193 2827 1255 2892 M
1265 2850 1295 2887 m
1304 2834 1340 2890 ί..

349 2921 388 2960 a·
556 2925 577 2962 a

166 2991 263 3074 Caput
283 3001 378 3078 regis
401 2999 637 3060 diadematum.
662 2993 836 3061 ἶΒΑΣῙ·
959 2997 1067 3078 eaput
1097 2996 1185 3077 regia
1212 2995 1465 3068 diadematum,
1504 2999 1561 3056 eui
1580 3016 1637 3056 su·

114 3085 243 3162 ΛΕΩΣ.
264 3095 525 3164 ΑΝΤΙΟΧΟΤ.
549 3099 666 3162 Pallas
688 3113 783 3162 stans
802 3101 834 3164 d.
889 3117 990 3179 perne
1008 3109 1136 3158 astrum
1149 3098 1313 3158 imminet.
1327 3092 1352 3154 ἶ
1366 3088 1634 3158 ΒΑΣΙΛΕΩΣ.

116 3197 339 3276 Victoriolam,
361 3221 390 3264 s.
406 3199 605 3282 flagellum,
622 3220 687 3282 pro
698 3201 837 3282 pedidus
894 3195 1151 3261 ANTIOXOT.
1187 3197 1314 3278 Apollo
1343 3197 1451 3258 nudus
1486 3201 1635 3258 cortinae

115 3295 237 3377 clypeus.
256 3301 334 3369 AV.
346 3301 388 3364 ll.
403 3299 594 3384 (Pallorin.)
707 3341 711 3350 -
893 3301 1042 3362 insidens
1065 3300 1097 3360 d.
1108 3299 1275 3376 jaculum,
1305 3318 1335 3360 s.
1357 3293 1494 3372 arcum,
1510 3299 1547 3358 in
1568 3299 1635 3358 imo

164 3397 295 3465 Numam
318 3403 408 3466 huon
437 3403 644 3466 commendat
668 3401 836 3466 metallum
893 3401 972 3478 leh,
995 3408 1107 3464 omnia
1122 3405 1214 3464 intra
1230 3401 1390 3462 lauream.
1411 3397 1481 3458 AR.
1497 3399 1522 3458 1.
1544 3397 1637 3476 (Pel-
1681 3471 1691 3480 ,

115 3499 173 3562 uari
189 3502 218 3563 iu
233 3505 352 3587 Syriae
370 3523 486 3588 regum
502 3506 609 3569 numia
626 3505 837 3570 rariauimum.
893 3502 980 3568 ierin
996 3503 1076 3568 hiel.
1092 3503 1119 3567 1.
1140 3523 1172 3587 p.
1187 3499 1272 3582 13³.)

115 3597 276 3670 Pellerinio
296 3607 376 3691 inan
400 3608 518 3670 mirum
537 3608 643 3674 riuum
663 3607 715 3686 id,
738 3604 838 3692 quod,
956 3606 1047 3668 Autri
1075 3625 1169 3670 cansa
1197 3621 1330 3664 numum
1358 3599 1444 3664 huuc
1471 3595 1549 3662 huic
1569 3597 1636 3662 An·

119 3713 148 3764 ttt
165 3724 202 3768 aa
222 3707 551 3796 iconinmoapparat,
572 3709 717 3794 aperiam
738 3709 838 3773 hahet
894 3707 1008 3770 tiocho
1042 3706 1156 3768 tribuit
1191 3702 1409 3777 Pelleriniua,
1446 3699 1520 3784 quia
1551 3697 1636 3761 illud

117 3801 175 3884 tjut
190 3804 335 3892 flagelli,
357 3811 445 3896 quod
467 3833 565 3898 caepe
585 3811 693 3876 Ouinia
713 3811 749 3874 iu
770 3831 841 3874 mo·
894 3809 935 3872 ad
958 3827 1140 3891 cognomen
1161 3805 1223 3868 Θου
1246 3801 1404 3868 adludere
1426 3815 1527 3886 putat.
1557 3803 1636 3866 Dixi

113 3913 259 3974 numantia
297 3911 532 3997 Aegyptiorum
574 3913 730 4000 praefert.
750 3914 840 3974 Ἧι·
895 3933 992 3996 cupra
1028 3911 1062 3971 iu
1093 3905 1228 3972 criterio
1257 3905 1355 3966 trium
1388 3903 1640 3982 Antiochorum,

116 4025 189 4070 mura
211 4011 299 4077 hunc
324 4014 423 4076 tribui
448 4015 609 4081 Antiocho
627 4019 652 4083 1.
672 4015 767 4081 onina
790 4033 865 4090 ειη
897 4035 939 4077 ox
968 4012 1080 4076 eadem
1108 4031 1224 4087 cauea,
1262 4021 1331 4070 tum
1363 4019 1397 4070 et
1423 4005 1494 4070 aliia
1525 4005 1637 4068 veriti·

115 4125 192 4174 etttut
206 4113 379 4178 Pallorinii
395 4131 548 4183 mentem.
897 4117 1005 4178 miliat
1021 4115 1102 4177 mihi
1118 4111 1241 4188 videri,
1264 4129 1336 4172 aeae
1351 4107 1560 4172 tribuendum
1575 4111 1638 4169 An·

896 4217 1096 4294 tiochum,
1124 4215 1239 4301 quiet
1266 4213 1337 4296 ipae
1367 4209 1479 4286 Deus,
1508 4223 1542 4274 et
1567 4209 1637 4294 qui-

213 4353 523 4426 Aumoeflvs
545 4361 585 4426 Π.
627 4363 731 4424 ΠΜ
896 4321 972 4384 dem
1001 4319 1123 4382 insania
1160 4315 1262 4401 magia
1299 4334 1418 4377 canora
1448 4309 1633 4374 vocabatur.

895 4423 985 4486 ttihtt
1001 4435 1110 4485 tumen
1123 4417 1253 4485 decido.
1291 4419 1375 4482 Euae
1389 4427 1508 4480 aetram
1525 4413 1557 4472 in
1573 4413 1637 4473 hou

177 4522 327 4590 Antiochi
346 4525 373 4590 l.
402 4539 437 4590 et
458 4527 658 4594 Stratonicea
679 4519 727 4590 tt'
761 4523 841 4602 Θεος
881 4543 994 4589 atomo
1007 4523 1224 4610 apothecaeoa
1237 4519 1375 4604 inaigne,
1391 4516 1499 4616 nullae
1513 4511 1636 4588 dubito,

51 4709 52 4720 ἵ
112 4675 1640 4714 Ἥ

144 4789 171 4858 ι)
189 4789 218 4846 a
234 4789 375 4850 maiae.
448 4790 483 4863 a)
502 4789 533 4848 tn
550 4765 665 4866 cyane.

165 4903 254 4978 (νοτ.
271 4905 352 4987 111.)
