4160 5454
428 513 501 583 ttt

426 685 467 730 ex
487 665 604 752 quibus
622 665 783 750 insignem
807 683 905 726 noum
927 662 1043 728 recitat
1059 661 1168 727 troti-

424 769 537 832 chius:

490 871 598 951 Caput
618 871 707 950 regis
728 869 964 931 diadematum.
993 861 1017 926 Ξ
1038 859 1166 924 ΒΑΣΙ·

407 963 576 1034 ,ΛΕΩΣ
612 961 866 1032 ANTIOXOT.
899 961 1166 1052 (llIAOIIATO-

423 1065 528 1138 ΡΟΣ.
545 1065 680 1134 ΣΙΔΩ..
695 1067 781 1134 ΙΕΡ.
800 1061 910 1132 m.
940 1069 1058 1148 Palios
1071 1080 1165 1130 stans

421 1177 452 1238 d.
479 1172 722 1250 Victoriolam,
753 1192 780 1234 s.
807 1169 964 1246 hostem,
993 1190 1100 1232 annus
1124 1168 1164 1234 Ε.

420 1275 491 1340 AR.
507 1277 532 1338 1.
572 1273 655 1336 Sunt
685 1283 719 1335 et
740 1268 863 1334 similes
892 1267 961 1331 bini
987 1269 1021 1332 in
1050 1289 1164 1332 moseo

421 1377 549 1438 Dnane.

486 1478 599 1536 Annus
627 1475 667 1537 Ε.
697 1474 730 1537 in
763 1473 828 1537 boe
855 1492 954 1536 numo
982 1485 1033 1536 eet
1064 1495 1164 1537 annus

315 1637 319 1646 ,
423 1576 569 1660 epochae
595 1595 721 1652 novae,
745 1593 839 1658 qnam
863 1596 882 1637 a
906 1573 1048 1636 Sidoniia
1067 1575 1108 1642 V.
1127 1575 1163 1639 C.

424 1678 506 1753 643.
526 1675 689 1741 inducam
714 1675 750 1737 in
777 1675 894 1738 honam
915 1676 1021 1740 nemis
1049 1675 1165 1759 proba·

422 1778 539 1842 bimus.
561 1777 714 1862 Signatus
736 1790 787 1840 eet
811 1797 893 1862 ergo
915 1778 968 1842 hic
988 1799 1103 1840 numus
1121 1776 1163 1840 ab

422 1894 575 1944 autumno
590 1881 631 1948 V.
651 1881 688 1944 G.
706 1879 778 1962 647.

483 1981 583 2044 Aliud
605 1981 751 2064 ejusdem
774 1979 866 2042 urbia
887 1979 1163 2043 tetradiaehmum

421 2077 525 2147 edidit
541 2071 814 2160 Pelle1·inine‚ih
832 2080 922 2162 cujus
940 2102 1071 2146 averae:
1090 2081 1165 2143 BA-

420 2179 625 2246 ΣΙΛΕΩΣ.
648 2177 902 2247 ΑΝΤΙΟΧΟΤ.
924 2177 1056 2246 ΣΙΔΩ.
1076 2180 1162 2248 ΙΕΡ.

421 2281 531 2350 ΑΣΤ.
572 2287 705 2364 Aquila
735 2285 961 2366 gubernaculo
996 2289 1163 2362 insistens,

420 2407 528 2448 annes
548 2379 595 2448 Σ.
621 2385 676 2469 qui
703 2399 753 2447 eat
774 2384 878 2449 adhuc
904 2385 1161 2464 Seleucidarcm,

404 2499 453 2549 ,ει
477 2488 620 2569 signatus
638 2485 721 2548 adeo
735 2507 851 2550 numne
869 2489 910 2558 V.
926 2489 965 2552 C.
982 2487 1053 2563 bta,

489 2723 718 2792 SELEVCVS
740 2725 800 2791 vt.
840 2725 1088 2789 EPIPHANES

686 2825 895 2930 Nlceton.

501 2995 654 3058 Antiochi
672 2997 759 3065 VIII.
789 3007 826 3056 et
855 2994 1049 3078 Cleopatrae
1078 2997 1159 3082 Try-

415 3096 560 3180 phaenes
578 3097 639 3174 F.,
662 3117 757 3160 caeso
777 3117 820 3160 ex
842 3097 966 3159 insidiis
985 3097 1068 3180 patri
1089 3118 1159 3161 euo-

415 3197 528 3274 cedit,
560 3198 745 3283 victumque
784 3199 910 3282 praelio
947 3200 988 3267 V·
1012 3200 1047 3261 C.
1084 3200 1157 3266 ott.

416 3299 578 3362 aemulum
612 3300 804 3363 Antiochum
825 3301 878 3366 IX.
911 3321 930 3364 e
960 3299 1069 3363 medio
1098 3301 1159 3363 tol·

414 3401 478 3476 lit,
507 3402 594 3464 idem
626 3402 736 3486 paullo
766 3417 839 3484 post
865 3402 905 3464 ab
935 3401 1097 3464 Antiocho
1116 3403 1155 3466 X.

412 3504 569 3567 Antiochi
587 3505 642 3570 tx.
670 3504 739 3566 lilio
761 3503 907 3585 dejectus
924 3503 1157 3584 Mopsuestiam

413 3603 517 3689 fugit,
549 3605 604 3666 abi
631 3627 704 3669 cum
733 3603 852 3666 tributa
872 3604 1022 3666 severine
1048 3604 1158 3687 exige·

415 3720 488 3782 ret,
520 3706 560 3767 ab
584 3708 673 3769 itatis
698 3705 866 3790 oppidania
890 3704 1009 3788 injecta
1035 3704 1156 3780 domui,

413 3805 448 3865 in
465 3825 526 3887 qua
549 3807 729 3883 habitabat,
758 3803 1000 3874 hammavinc
1022 3821 1155 3872 exustus

372 3912 382 3932 ⁹
414 3918 464 3968 est
484 3905 524 3971 V.
544 3909 582 3973 C.
600 3909 671 3971 hot.

713 4145 860 4209 Numi:

480 4313 586 4390 capot
613 4315 701 4392 regis
724 4313 958 4376 diadematum.
981 4311 1005 4374 Ξ
1025 4310 1154 4377 ΒΑΣΙ-

410 4406 561 4477 ΛΕΩΣ.
574 4405 840 4476 ΣΕΛΕΤΚΟΤ.
852 4410 1151 4480 Ettnl’ANo‘rE.

414 4507 698 4579 ΝΙΚΑΤΟΡΟΣ.
730 4515 845 4576 Palios
866 4528 960 4578 stans
980 4519 1012 4581 d.
1037 4521 1152 4582 Victo·

955 494 1151 568 REGES
1195 493 1424 566 SYRIAE.

1224 663 1366 740 riclam,
1385 685 1412 726 s.
1430 661 1561 724 hostem
1578 673 1612 725 et
1630 663 1768 746 clypeam
1785 671 1863 738 humi
1882 695 1920 743 at.

1224 767 1336 840 tinet,
1368 767 1406 828 in
1435 783 1514 826 arec
1543 756 1781 837 AAEAH.‚set
1802 769 1917 846 ΝΕΙΣΙ.

1222 867 1278 928 vel
1292 863 1365 930 ZH.
1381 865 1436 928 vel
1453 859 1600 930 ΤΩΔΑ.
1620 862 1687 927 ΑΒ.
1699 867 1723 932 l,
1745 870 1833 950 (Mus,
1847 876 1920 944 Caes,

1224 965 1325 1034 Catal.
1348 964 1541 1048 d’Ennery.)

1289 1073 1396 1150 Caput
1414 1073 1503 1152 regis
1524 1068 1751 1130 diadematum.
1781 1068 1923 1142 tettt.

1220 1164 1374 1233 ΛΕΩΣ.
1387 1161 1921 1246 ZEAETKOTAEIIIIDANOTZ.
2030 1175 2031 1180 ’

1222 1265 1506 1334 ΝΙΚΑΤΟΡΟΣ.
1531 1270 1668 1349 (omisso
1696 1273 1731 1332 in
1754 1273 1826 1336 aliis
1847 1274 1925 1340 Elli-

1222 1365 1454 1452 (l’ANOTZ.)
1478 1371 1614 1451 Duplex
1634 1377 1845 1452 commentae.
1870 1379 1925 1454 tlt,

1222 1470 1277 1534 lII.
1302 1471 1483 1554 (Friilich.)

1287 1576 1440 1637 Victoria
1463 1583 1568 1636 stans.
1599 1572 1672 1637 AR.
1685 1573 1737 1638 111.
1759 1575 1925 1665 (Pallanta.)

1222 1673 1349 1754 Apollo
1378 1686 1473 1737 stans
1498 1675 1528 1734 d.
1554 1677 1735 1754 sagittam,
1755 1699 1779 1740 s.
1799 1682 1928 1748 colomel-

1221 1775 1275 1838 loe
1291 1779 1440 1840 innixus.
1462 1777 1531 1840 AE.
1543 1779 1598 1842 III.
1617 1778 1719 1856 (Mos.
1738 1779 1836 1860 Caes.)
2030 1821 2031 1864 ,

1285 1876 1430 1938 Tituluna
1451 1869 1741 1938 ΕΠΙΦΑΝΟΤΣ
1761 1882 1839 1964 cepit
1856 1905 1872 1948 a
1884 1905 1928 1968 pa·
2030 1879 2031 1924 l

1220 1987 1281 2054 tre,
1302 1969 1574 2038 ΝΙΚΑΤΟΡΟΣ
1591 1977 1631 2040 ab
1651 1999 1710 2042 avo
1723 1981 1876 2048 Demetrio
1888 1989 1929 2064 ll,
2030 2003 2031 2062 t

1221 2091 1275 2142 ant
1302 2079 1390 2141 forte
1421 2099 1463 2141 ex
1490 2079 1627 2144 victoria
1663 2079 1704 2142 de
1725 2083 1928 2149 AntIccbollI.
2030 2089 2031 2124 l

1220 2181 1342 2257 relata,
1365 2202 1426 2264 qna
1448 2181 1490 2242 de
1512 2201 1607 2244 cansa
1628 2195 1665 2245 et
1684 2184 1851 2250 Victoriam
1867 2208 1930 2250 non·

1220 2281 1319 2344 nullis
1341 2283 1411 2363 ejus
1432 2282 1537 2344 numia
1559 2285 1717 2346 insertam
1733 2287 1930 2370 conspicimus.
2030 2279 2031 2332 Ῑ

1219 2383 1400 2450 Adatitutae
1434 2403 1533 2448 voces
1560 2381 1725 2447 AAEAH
1753 2383 1930 2450 saltem.
2030 2411 2031 2452 l

1219 2485 1308 2552 varie
1348 2485 1443 2548 fuere
1482 2484 1607 2562 lectae,
1649 2489 1738 2552 varie
1767 2487 1930 2571 explicatae,

1219 2608 1300 2672 qnos
1336 2586 1452 2649 modos
1492 2605 1559 2648 non
1588 2603 1727 2672 repeto,
1749 2591 1818 2676 qnia
1841 2591 1932 2656 aneni

1218 2689 1327 2771 specie
1345 2689 1443 2770 longe
1460 2687 1629 2766 aberrant,
1655 2705 1690 2752 et
1705 2691 1806 2781 videri
1822 2707 1932 2776 possunt

1216 2793 1302 2878 apud
1323 2791 1538 2856 Frblichium.
1581 2791 1781 2856 Pellerinica
1807 2796 1837 2856 in
1862 2795 1934 2856 simi·

1215 2893 1240 2954 li
1259 2914 1318 2955 suo
1344 2915 1442 2957 nomo
1466 2895 1548 2980 legit
1567 2891 1764 2972 AAEAH„
1799 2910 1829 2957 et
1850 2911 1931 2978 putat,

1215 2988 1287 3055 ΛΛ
1305 2996 1460 3080 seriptum
1475 3017 1544 3079 pro
1567 2993 1627 3071 M,
1655 2997 1747 3078 cujus
1771 2998 1931 3080 exemplum

1215 3095 1372 3159 habemus
1407 3099 1440 3160 in
1471 3116 1570 3160 numo
1601 3095 1797 3175 Edesseno,
1825 3099 1855 3160 in
1879 3117 1932 3182 quc

1215 3197 1369 3260 scribitur
1395 3197 1628 3262 AAANNOC
1659 3221 1722 3282 pro
1743 3195 1934 3264 MANNoc.

1215 3299 1258 3360 At
1288 3299 1322 3361 in
1359 3320 1458 3363 numo
1497 3301 1718 3382 integerrimo
1748 3302 1846 3363 mosei
1872 3303 1935 3364 Cae·

1216 3401 1300 3462 narei
1330 3401 1434 3484 prima
1466 3402 1562 3466 litere
1594 3416 1645 3464 eet
1676 3403 1880 3465 indubitatum
1901 3403 1934 3463 A.

1216 3503 1412 3584 spanhemio
1435 3517 1564 3566 certum
1586 3503 1738 3582 videtur,
1766 3527 1800 3566 το
1822 3499 1936 3566 ΝΕΙΣΙ

1213 3603 1358 3666 indicare
1389 3603 1515 3666 Nisibin
1540 3605 1799 3691 Mesopotamiae
1826 3609 1956 3690 unbem,

1213 3717 1309 3788 atque
1342 3707 1375 3765 in
1407 3706 1468 3767 bac
1498 3727 1594 3770 cusos
1620 3731 1739 3771 numos
1769 3709 1813 3770 sic
1839 3709 1936 3770 inscri-

1212 3819 1285 3889 ptos
1301 3808 1341 3887 ¹).
1378 3805 1445 3870 Sed
1466 3807 1553 3870 istud
1574 3809 1628 3872 vix
1651 3811 1821 3874 credibile.
1852 3808 1936 3872 Rele·
2030 3859 2031 3864 ,

1211 3907 1350 3970 rendum
1368 3907 1476 3990 potine
1499 3911 1696 3975 vocabulum
1719 3912 1800 3990 hcc,
1826 3909 1936 3994 aliaque
2010 3969 2031 4018 ff

1209 4027 1284 4070 mox
1307 4008 1472 4094 descripta
1492 4011 1580 4074 inter
1614 4013 1735 4076 similia
1757 4013 1818 4077 alia
1838 4013 1937 4074 deone·
2030 4015 2031 4042 l

1208 4123 1291 4186 tato,
1315 4129 1397 4194 qnae
1419 4133 1487 4176 oon
1507 4113 1635 4178 raro'in
1655 4138 1734 4179 anea
1758 4115 1866 4199 regine
1889 4113 1937 4173 ho·
2030 4179 2031 4200 χ

1209 4211 1261 4295 jus
1284 4226 1455 4291 monetae,
1486 4229 1521 4277 et
1543 4215 1673 4280 incerto
1699 4219 1828 4302 quidem
1854 4236 1938 4279 sensu

1210 4329 1396 4381 occurrunt.
1418 4319 1569 4399 Begerne
1585 4318 1618 4378 in
1633 4319 1736 4382 simili
1754 4315 1939 4382 teti-adrach·

1209 4437 1264 4479 mo
1283 4417 1395 4480 videre
1413 4419 1475 4482 sibi
1491 4421 1576 4484 viana
1598 4435 1647 4483 eet
1665 4404 1787 4484 annum
1801 4415 1887 4484 ΕΙΣ.
1900 4419 1938 4499 ὓ),
2030 4419 2031 4500 l

1210 4517 1267 4582 ned
1291 4541 1432 4598 venece,
1445 4535 1490 4584 nt
1510 4523 1587 4588 satia
1606 4524 1742 4606 integer
1766 4525 1807 4587 sit
1828 4523 1877 4586 bic
1891 4539 1941 4582 nn·

413 4685 425 4710 ’
448 4719 479 4786 ι)
499 4719 584 4776 nom.
601 4721 621 4776 1.
642 4739 671 4795 p.
688 4723 750 4784 σον.
826 4719 860 4792 b)
880 4687 968 4778 anis.
989 4723 1038 4779 or.
1057 4724 1083 4778 a
1109 4722 1132 4780 1.
1151 4744 1182 4800 p.
1200 4736 1263 4788 ssa.
