4238 5460
439 575 513 644 „0
1065 538 1363 618 suoueta-

442 727 517 812 giaa
543 723 622 786 item
646 717 762 782 urbem
793 713 912 800 prodit.
959 709 1186 797 etquodnam
1241 712 1381 788 retiret,
1403 727 1471 774 uon
1487 707 1568 786 alia,
1590 721 1627 772 ut
1647 701 1862 796 prouum'est
1884 713 1982 794 conji-

443 847 561 892 ιιιιιιιιιι
587 833 779 908 praetensae
805 811 1001 882 concordiae
1031 811 1187 878 indicium
1244 833 1342 889 cere,
1364 811 1407 876 de
1428 829 1542 888 causa,
1564 830 1660 895 quam
1680 808 1767 895 quod
1792 811 1899 896 reipsa
1925 833 1982 876 una

444 929 551 994 inciti
595 923 698 986 Abest
731 915 927 984 vocabulum
956 909 1188 990 OMONOIA,
1245 913 1427 998 eademque
1452 912 1529 976 urbs
1545 913 1607 974 luit
1623 911 1708 974 binis
1729 911 1827 978 variis
1845 913 1984 998 appella·

445 1044 542 1114 typus
576 1037 626 1089 est
649 1021 744 1085 unius
772 1003 895 1081 tautum
918 1012 1083 1092 numinis,
1113 1030 1189 1074 cum
1245 1013 1405 1087 tionibus,
1430 1011 1602 1098 exquibus
1618 1012 1690 1098 ipse
1706 1007 1796 1092 earu,
1819 1027 1984 1098 quactum

446 1132 641 1214 plerumque
665 1123 705 1194 ¹in
726 1117 922 1184 concordiae
945 1114 1052 1176 numia
1072 1111 1191 1176 utrius·
1246 1115 1349 1200 magis
1370 1113 1536 1199 popularis
1554 1113 1751 1192 exstiterit,
1766 1135 1886 1198 nempe
1909 1113 1998 1179 nio·

448 1253 514 1316 que
537 1225 628 1293 urbis
652 1221 816 1304 fingantur
838 1217 987 1293 numina,
1013 1213 1201 1300 praecipue
1246 1235 1438 1296 caesareae,
1460 1215 1627 1298 selegerit.
1650 1213 1837 1278 Secundum
1852 1213 2012 1280 caudent..

449 1351 525 1396 cum
543 1323 746 1394 'vocabulum
768 1315 990 1382 OMONOIA
1020 1313 1192 1401 supprimi·
1247 1315 1330 1380 hsuo
1348 1315 1458 1400 legem
1473 1314 1628 1398 Belleyus
1644 1317 1870 1383 Ptolomaeum
1886 1318 1987 1402 expli·

448 1447 515 1496 tur.
538 1425 651 1520 Quare
666 1419 876 1490 verisimilius
892 1417 1041 1495 videtur,
1059 1418 1193 1480 Cereta·
1247 1431 1315 1495 cat,
1342 1417 1399 1502 qui
1423 1415 1567 1482 Adonem
1589 1419 1723 1483 Ciliciae
1743 1433 1987 1496 commemorat,

448 1553 515 1618 peu
551 1525 735 1592 honorilice
779 1521 1018 1584 Diocaesarese
1058 1518 1198 1582 nomine
1223 1555 1226 1564 Α
1247 1517 1306 1583 se'd
1329 1518 1534 1581 Antiochiam
1558 1517 1599 1581 ad
1624 1521 1758 1599 Sarum,
1781 1522 1898 1588 urbem
1928 1541 1989 1586 uon

447 1653 541 1698 ¹usam
557 1613 743 1712 ,illudque
771 1621 878 1686 numia
902 1621 1128 1702 inscripsisse,
1158 1631 1194 1682 ut
1248 1641 1363 1706 param
1380 1621 1559 1700 illustrem,
1580 1622 1714 1701 omittit,
1733 1622 1888 1686 nimirum
1908 1623 1990 1706 quis,

451 1729 621 1800 castabala
639 1723 861 1814 Cappadociae
886 1741 1007 1784 nomen
1031 1721 1198 1804 Hieropo-
1249 1735 1285 1784 ut
1302 1721 1373 1806 ipse
1391 1735 1526 1799 censet,
1549 1743 1630 1808 quae
1646 1723 1758 1788 Adana
1774 1726 1853 1801 tuit,
1876 1723 1992 1788 eadem

452 1839 540 1910 leus,
558 1833 699 1894 Comana
715 1827 812 1889 Ponti
829 1825 1108 1917 Hierocaesareae
1130 1833 1193 1887 ete,
1250 1837 1285 1886 et
1302 1823 1367 1886 alio
1386 1823 1519 1888 nomine
1537 1823 1707 1888 Antiochia
1724 1824 1810 1890 dieta
1831 1823 1938 1889 tueris
1949 1821 1991 1907 Ι)).

453 1937 539 1998 Ιοιίι
569 1929 655 2014 a'pud
676 1931 914 2012 Ceretapeuses
936 1923 1059 1988 cultum
1090 1921 1196 2005 arguit
1253 1922 1365 2018 Quare
1385 1937 1422 1988 ut
1445 1946 1511 1990 nou
1537 1926 1659 1990 erravit
1678 1925 1914 2003 Ptolemaeus,
1949 1925 1991 1988 its

453 2036 680 2118 Iupiterstans
696 2030 844 2092 innume
860 2037 1051 2100 autonomo,
1073 2043 1114 2086 ex
1131 2042 1196 2107 quo
1252 2025 1435 2090 distinctam
1459 2025 1560 2092 fuisse
1590 2028 1730 2114 aliquam
1750 2027 1917 2112 Phrygiae
1943 2049 1993 2089 ur·
2090 2067 2091 2074 ι

453 2137 833 2198 Diocaesaresenonten
851 2127 1037 2201 abstulerit,
1060 2139 1096 2186 ut
1114 2125 1198 2187 Lao·
1253 2127 1329 2192 hem
1356 2126 1595 2210 Diocaesarea)
1626 2129 1782 2206 nomine,
1814 2129 1993 2193 verisimile
2090 2179 2091 2184 ,

455 2235 548 2300 dices
565 2231 775 2316 Diospoleos.
802 2227 928 2304 Video,
946 2227 979 2286 iu
997 2225 1113 2290 eadem
1131 2245 1198 2290 use·
1252 2249 1321 2292 non
1338 2242 1400 2294 ast.
1422 2228 1477 2294 Sic
1493 2241 1527 2292 et
1536 2229 1716 2312 Sepphoris
1731 2243 1765 2294 et
1777 2229 2002 2296 Diocaesarea

455 2359 530 2402 uum
570 2333 730 2400 sententis
768 2329 897 2414 pridem
936 2325 1037 2391 fuisse
1067 2327 1198 2388 Holsta·
1254 2349 1318 2396 uns
1338 2329 1518 2414 eadamque
1535 2328 1598 2394 luit
1614 2329 1780 2396 Galilaeae
1800 2329 1891 2396 urbs.

456 2439 545 2500 niutn
570 2442 625 2519 ¹),
654 2433 710 2520 qui
730 2433 809 2494 item
832 2429 999 2512 conjecit,
1027 2429 1201 2492 Diocaesa-

458 2559 549 2602 ream
568 2549 601 2599 et
614 2536 797 2616 ceratapon
818 2531 919 2594 luisse
937 2551 1034 2594 uuam
1050 2530 1200 2592 eandem·
1419 2565 1832 2638 DIONYSOPOMS·

458 2643 522 2722 que
540 2635 666 2700 urbem.
1913 2631 1917 2642 '

528 2738 674 2815 Tertius,
691 2755 789 2821 quera
802 2731 1202 2816 Pelleriniuahuicl’lsry·
1266 2756 1268 2762 ’
1320 2735 1401 2799 Eam
1411 2735 1537 2800 Plinius
1550 2735 1726 2802 couventui
1736 2735 1914 2821 Apameusi
1927 2735 1999 2798 suh-

461 2838 533 2924 giae
550 2837 625 2900 urbi
646 2837 806 2920 largitur,
828 2833 1036 2898 verisimilius
1052 2848 1103 2896 est
1121 2834 1203 2906 Dio·
1256 2835 1336 2920 jicit,
1353 2853 1552 2926 memoratur
1567 2839 1664 2902 etiam
1682 2836 1847 2916 Ciceroni,
1863 2836 2000 2924 Stepha-

461 2959 634 3004 caessreae
656 2937 808 3012 Ciliciae,
838 2956 933 3021 quam
959 2948 1052 2998 certo
1075 2949 1201 2998 constat
1257 2959 1377 3024 noque.
1408 2939 1494 3012 Vide
1509 2937 1702 3006 cellarium.

460 3041 658 3104 Hadrianus
676 3039 771 3104 titulo
792 3059 902 3112 usam,
924 3051 960 3100 ut
978 3037 1060 3099 aliae
1082 3037 1204 3118 passius

462 3141 597 3204 Ciliciae
618 3139 741 3218 urbes,
777 3153 809 3204 at
830 3157 954 3223 paucae
975 3137 1137 3221 Phrygias
1159 3159 1202 3202 ex

462 3241 568 3304 numia
585 3241 741 3304 hactenus
759 3241 856 3306 notis.
1165 3229 1168 3236 ’

465 3378 483 3398 ·.
524 3344 606 3405 Cum
635 3360 717 3425 ergo
743 3341 895 3424 sapentia
928 3339 979 3410 his
1003 3342 1109 3406 usmis
1137 3363 1204 3406 non
1324 3343 1444 3410 terh.
1461 3339 1632 3409 ΒΟΤΛΗ.
1663 3347 1771 3426 Caput
1786 3337 2004 3406 muliebre!

464 3443 563 3507 modo
584 3442 674 3506 nulla
696 3442 745 3514 sit¹
759 3441 842 3502 ratio
867 3440 985 3506 harum
1006 3463 1106 3505 unum
1127 3443 1205 3507 huic
1262 3439 1734 3512 ΔΙΟΝΤΟΟΠΟΛΕΙΤΩΝ.
1766 3448 1880 3508 Diona
1898 3445 2008 3526 Ephe-

462 3545 702 3610 Dicesessrese
726 3541 949 3625 adjudicandi,
971 3542 1030 3606 sed
1052 3545 1147 3607 etiam
1170 3545 1204 3608 iu
1262 3551 1326 3614 siu.
1349 3549 1419 3616 ΑΕ.
1441 3548 1567 3631 (Goltz.
1585 3550 1619 3609 in
1634 3547 1772 3610 Graecia
1788 3545 1852 3612 tuh.
1870 3547 1943 3627 ao.)

466 3647 603 3730 singulis
624 3645 733 3729 aliqua-
759 3643 843 3706 ratio
866 3657 1018 3726 appareat
1044 3666 1102 3708 eos
1127 3645 1205 3708 inde
1325 3651 1465 3712 Numum
1501 3652 1588 3714 hunc
1623 3651 1759 3711 Nonnus
1786 3647 2011 3730 Dionysopoli

465 3745 641 3824 avocandi,
662 3745 761 3808 tutius
779 3759 828 3807 est
852 3741 996 3828 opinari,
1012 3763 1082 3807 eam
1098 3745 1207 3809 hacta·
1263 3750 1425 3816 Thraciae
1442 3751 1571 3828 tribuit,
1593 3749 1653 3814 ssd
1670 3749 1699 3812 si
1714 3769 1852 3832 unquam
1866 3750 2010 3818 exstitit,

466 3872 527 3914 nas
541 3847 656 3933 opibus
671 3845 902 3910 numismatieis
916 3845 1111 3912 destitutam.
1131 3851 1205 3914 Huc
1263 3866 1355 3918 certe
1384 3865 1435 3916 est
1468 3851 1564 3934 hujus
1587 3851 1749 3935 Phrygiae
1770 3849 2013 3933 Dionysopolis
2089 3915 2090 3930 ,

466 3951 610 4028 aceedit,
633 3945 721 4032 qaod
734 3967 850 4012 rerem
864 3947 1058 4027 Salmasius,
1075 3952 1207 4015 Holste·
1264 3971 1338 4018 oum
1355 3934 1456 4016 eausa*
1470 3951 1665 4036 epigraphes
1683 3948 1801 4014 ΙΕΡΑ.
1820 3946 2015 4026 Boron,

467 4053 562 4126 nius,
593 4049 754 4114 Cellarius
793 4047 968 4125 dubitent,
997 4071 1037 4114 au
1065 4073 1206 4137 unquam
1264 4067 1335 4117 tutu
1354 4067 1433 4140 typo
1449 4073 1594 4119 eversae.

466 4153 704 4216 Diocaesarea·
737 4147 871 4211 nomine
902 4150 980 4214 urbs
1008 4151 1041 4212 in
1064 4153 1208 4238 Phrygia

469 4241 640 4318 exstiterit.
662 4249 877 4330 Ejusunicus
895 4271 1015 4334 praeeo
1033 4255 1210 4320 estPtole·
1417 4237 1426 4248 ’
1524 4303 1543 4340 ,
1627 4257 1647 4294 ¹
1731 4303 1751 4339 „

469 4376 598 4430 tnaeus,
614 4351 705 4434 eujus
720 4363 827 4413 tamen
844 4353 1003 4414 sententia
1018 4355 1208 4437 explicanda

470 4457 577 4542 potius
600 4451 742 4518 videtur.
772 4451 959 4514 Numidam
983 4453 1028 4530 is,
1052 4456 1108 4540 qui
1130 4457 1209 4520 Dio·
1330 4455 1459 4525 ZGTC.
1491 4455 1690 4525 IIOTHOC.
1723 4451 2024 4522 AIONTCOHO·

471 4569 654 4621 caesaream
689 4551 784 4615 nobis
819 4567 1001 4631 memorat,
1025 4556 1208 4641 Ceretapen
1265 4555 1469 4626 ΛΕΙΤΩΝ.
1516 4563 1624 4644 Caput
1655 4561 1746 4625 Iouis
1772 4562 2021 4623 diadematum.

1503 3181 1758 3245 Autonomi:

506 4763 537 4831 a)
558 4761 591 4816 lu
610 4757 707 4819 Ortel.
726 4761 812 4836 μω.
885 4758 921 4832 b)
940 4759 973 4818 B.
988 4763 1021 4818 L.
1039 4763 1075 4820 Τ.
1090 4761 1212 4824 XXXV·
1229 4783 1260 4844 p-
1270 4768 1334 4830 610·
1350 4783 1412 4841 seq.
