4238 5460
423 598 493 664 ιιι
1100 567 1292 680 ιιι-ιι.

640 741 901 826 Imperatori
908 742 932 804 i
1219 734 1263 797 bo
1279 729 1468 818 prodidere.
1502 727 1580 794 Fuit
1599 740 1708 796 autem
1726 727 1885 812 Thyatira
1903 747 1960 793 nc

1219 849 1287 900 stra
1305 831 1464 918 Sipylo
1433 851 1550 902 ιιιιιιι
1571 830 1701 896 Tantali
1718 829 1805 894 filius
1822 831 1884 894 luit
1898 831 1961 892 Pe·

482 952 534 1015 Ab
548 951 702 1036 Augusto
720 963 825 1031 usque
842 941 884 1008 ad
897 941 1117 1011 Valerianum.
1218 935 1304 1038 lopo.
1345 932 1403 996 Ab
1418 933 1486 998 boc
1503 930 1636 996 credam
1657 931 1846 1014 Thyatiram
1869 933 1962 997 Pelo·

487 1053 617 1136 yyynm
902 1061 907 1072 ·
1216 1027 1296 1118 pia's
1321 1051 1442 1099 nomen
1463 1031 1653 1112 abstulisse,
1686 1033 1775 1118 quod
1803 1031 1960 1096 elicisse

336 1209 341 1222 .
483 1154 645 1235 Bipennis
663 1149 737 1214 solo
760 1145 976 1232 frequenter,
1005 1144 1163 1208 Amazon
1218 1149 1445 1222 pervetustum
1480 1147 1664 1202 memorant
1686 1135 1813 1199 Plinius
1835 1149 1870 1200 et
1888 1137 1961 1199 Ste-

418 1268 523 1332 stans,
540 1255 575 1318 iu
591 1247 881 1346 numoCrispiuae,
897 1241 1025 1330 (vaih)
1041 1245 1162 1325 Εᾳιιιι,
1218 1239 1355 1325 phunon.
1375 1235 1534 1321 Ejusdem
1551 1235 1682 1306 Tantali
1699 1235 1767 1302 iilia
1781 1236 1959 1324 fnitNiobe
2033 1295 2036 1298 .

419 1354 584 1439 (Pellerin
591 1351 705 1437 suppl.
717 1352 757 1411 ll.
774 1369 806 1433 p.
817 1347 869 1430 yb.
871 1347 886 1432 )
899 1343 978 1431 quin
991 1359 1027 1411 et
1035 1347 1161 1428 Apollo
1218 1354 1333 1406 nostro
1346 1340 1423 1404 hnic
1434 1338 1611 1424 Amphioni
1626 1347 1742 1432 nupta,
1758 1339 1814 1424 qui
1827 1339 1960 1432 jurante

417 1469 513 1520 stans
534 1455 579 1518 ad
598 1453 743 1516 nromd.
759 1463 873 1514 tenens
890 1467 1018 1512 romum
1040 1449 1163 1510 lastra-
1219 1443 1322 1508 i'ratre
1346 1443 1453 1505 Zetho
1478 1441 1604 1504 Dircen
1635 1459 1829 1506 novercam
1842 1443 1960 1505 summi

417 1559 528 1635 lenas
538 1558 718 1638 bipennem,
730 1542 980 1634 (Pellerinhlcl.
991 1549 1015 1609 l
1007 1569 1061 1633 p.
1053 1549 1161 1630 .ιοο.)
1218 1542 1363 1608 criminis
1389 1525 1546 1608 adversus
1573 1555 1713 1606 matrem
1734 1563 1825 1606 snam
1845 1547 1960 1608 Antio·

417 1657 535 1741 quibus
558 1656 644 1741 typis
663 1652 840 1728 docemur,
861 1649 1040 1714 credidisse
1058 1669 1161 1734 popu·
1216 1665 1283 1730 pen
1301 1643 1481 1709 convictam
1497 1641 1674 1706 ferocienti
1690 1657 1783 1709 tauro
1800 1645 1958 1754 alligavit,

416 1759 524 1835 lares,
547 1777 583 1822 se
603 1756 644 1820 ab
658 1752 826 1818 Amazone
849 1751 1002 1838 Thyatira
1024 1750 1160 1816 descen·
1216 1745 1396 1831 praesentis
1412 1765 1503 1807 numi
1515 1759 1752 1829 argumentum
1771 1727 1961 1831 lpssinNio-

417 1859 518 1937 dare,
535 1859 598 1922 etsi
614 1857 684 1942 ejus
700 1855 840 1920 nominis
853 1853 1066 1938 etymologias
1079 1853 1159 1916 alias
1215 1847 1280 1912 beu
1295 1861 1371 1932 post
1383 1847 1526 1932 prolium
1540 1867 1671 1911 suarum
1686 1848 1803 1914 innera
1816 1851 1957 1915 rediisse

415 1971 579 2047 proponat
599 1959 784 2046 Stephanus
803 1953 926 2041 dignas
947 1955 1019 2041 ejus
1044 1952 1158 2020 acutis
1216 1949 1364 2033 Sipylum
1383 1948 1425 2014 ad
1444 1961 1571 2034 patrem
1594 1939 1765 2014 Tantalum
1789 1943 1933 2038 ibique'
1922 1974 1959 2015 m

416 2061 638 2146 grammatico
1133 2071 1135 2079 ⁸
1215 2073 1326 2116 aarum
1349 2065 1580 2116 commutatam
1605 2051 1725 2116 eodem
1753 2054 1832 2118 loco
1860 2054 1961 2119 tradit

483 2165 656 2248 Amphion
670 2161 1021 2226 atzetmnovaraam
1034 2160 1160 2222 Dircen
1215 2153 1459 2238 Apollodorus,
1481 2166 1516 2217 et
1537 2153 1711 2219 Pausanias
1737 2151 1782 2239 d).
1815 2157 1958 2223 Celebre

370 2331 378 2338 ,
417 2278 516 2328 tuero
534 2278 724 2348 reptantes,
742 2261 887 2326 innume
904 2282 987 2327 max.
1001 2259 1087 2324 mod.
1101 2259 1159 2322 ca·
1215 2255 1302 2320 istud
1330 2245 1524 2338 Amphionis
1567 2253 1688 2319 iactum
1728 2275 1803 2322 cum
1839 2259 1882 2322 ad
1920 2281 1958 2324 ae

415 2365 567 2432 rocellae.
587 2368 688 2448 (Mus.
707 2364 818 2442 Caes)
1085 2411 1088 2418 .
1134 2383 1138 2388 ·
1214 2371 1353 2442 propter
1373 2356 1578 2442 agnationem
1595 2358 1764 2441 pertinere
1780 2349 1960 2427 crederent

415 2523 421 2530 .
479 2466 597 2532 simila
614 2477 842 2548 argumentum
863 2477 914 2527 est
928 2463 1025 2527 etiam
1046 2463 1081 2524 in
1101 2483 1158 2525 un·
1216 2459 1427 2544 Thyatireni,
1448 2457 1666 2532 honorificum
1685 2459 1721 2524 id
1739 2463 1801 2527 sibi
1819 2465 1957 2543 duxere,

415 2589 470 2632 mo
491 2567 609 2634 Severi
624 2566 740 2630 Acrasi
757 2565 881 2649 Lydiae
902 2569 1050 2649 signato,
1072 2577 1107 2628 et
1124 2563 1158 2626 in
1214 2563 1298 2626 illud
1318 2563 1353 2626 in
1370 2572 1499 2625 moneta
1517 2582 1716 2646 proponere.

416 2669 633 2734 contorniato.
670 2667 823 2730 Priorem
851 2665 931 2732 olim
957 2665 1157 2730 delineatum
1281 2667 1452 2730 Volcanus
1476 2667 1593 2730 sedens
1617 2669 1753 2748 ganam
1782 2685 1880 2750 super
1907 2673 1959 2732 in·

416 2769 511 2850 edidi
522 2771 571 2851 ¹),
594 2767 777 2854 mirumque
800 2771 875 2832 tum·
895 2768 1018 2848 visum,
1040 2769 1074 2832 iu
1094 2769 1163 2852 Ly:
1215 2761 1477 2851 cudcfubricnt,
1494 2769 1608 2830 adstat
1625 2769 1743 2832 Pullos
1758 2791 1785 2832 s.
1807 2771 1959 2852 ciypeurn

360 2946 365 2956 ,
418 2871 491 2934 diae
514 2869 603 2932 urbis
623 2890 723 2934 numo
750 2869 891 2954 proponi
910 2869 1049 2948 iactum,
1071 2869 1160 2954 quod
1217 2879 1349 2944 tenens,
1371 2867 1404 2928 in
1426 2889 1526 2931 numo
1542 2866 1723 2933 Commodi.
1746 2870 1857 2951 (Num.
1873 2893 1958 2936 max.

415 2972 518 3054 longe
533 2971 573 3034 ab
590 2969 693 3054 Lydia
708 2971 742 3032 in
756 2973 914 3036 Boeotiae
932 2971 1050 3035 linibus
1066 2992 1160 3055 pera·
1215 2967 1303 3034 med.
1324 2988 1396 3051 reg.
1418 2968 1520 3050 Gall.)

378 3101 382 3107 ’
416 3071 566 3156 gebatur.
594 3072 783 3151 Rationem,
806 3095 900 3159 quam
917 3073 963 3135 ibi
978 3091 1161 3158 proposue-
1278 3071 1396 3132 Narrat
1407 3071 1653 3155 Appollodorns
1669 3073 1717 3155 ⁶),
1731 3072 1898 3138 Palladem
1915 3078 1959 3140 ad

415 3193 509 3250 ram,
538 3175 602 3258 jans
635 3183 705 3236 tum
733 3173 920 3240 levissimae
950 3175 1158 3258 conjecturae
1214 3171 1397 3242 Vulcanum
1428 3173 1606 3236 accessisse
1643 3195 1809 3240 armorum
1841 3197 1958 3260 caum,

415 3275 520 3338 instar
541 3273 654 3348 babni;
677 3287 710 3337 ιι
732 3295 806 3340 cum
830 3277 936 3340 aerius
958 3276 993 3338 iu
1016 3277 1159 3340 similem
1215 3293 1297 3358 quae
1319 3273 1382 3336 sibi
1402 3271 1555 3338 fabricari
1575 3274 1727 3358 petierat.
1760 3278 1869 3343 Faber
1888 3295 1959 3344 tum

416 3376 533 3441 Aorasi
571 3396 705 3440 numum
737 3375 966 3456 offenderem,
998 3379 1160 3461 mytholo·
1215 3374 1356 3438 oblatam
1382 3373 1445 3437 sibi
1468 3375 1675 3440 occasionem
1701 3393 1791 3442 ratus
1809 3383 1959 3464 potiundi

416 3477 502 3562 giam
532 3477 715 3543 adcuratius
740 3479 892 3556 excussi,
925 3499 962 3544 ac
986 3492 1055 3542 tum
1081 3477 1158 3554 vidi,
1212 3476 1286 3558 ‚ejus
1304 3476 1416 3554 deae,
1445 3479 1690 3561 quampridem
1715 3483 1862 3566 Iuppiter
1885 3485 1958 3566 ejus

414 3577 569 3660 Lydiam,
591 3599 629 3642 se
657 3579 833 3666 praecipue
859 3594 1015 3658 tractum,
1039 3581 1073 3642 in
1093 3599 1158 3665 qno
1213 3578 1349 3642 arbitrio
1367 3579 1562 3662 permiserat
1576 3579 1609 3661 f)
1626 3601 1700 3645 cum
1716 3584 1884 3650 actissuis
1904 3607 1959 3649 re·

413 3680 476 3746 sita
497 3679 559 3742 init
576 3683 748 3765 Thyatira,
778 3703 853 3746 cum
871 3683 1056 3767 Amphione
1081 3702 1157 3766 pro-
1214 3681 1331 3744 lnctari
1355 3695 1530 3764 pergeret,
1560 3681 1640 3744 iecit
1663 3705 1720 3760 ea,
1749 3707 1831 3768 quae
1854 3688 1958 3752 bonc-

413 3781 501 3846 xime
528 3785 690 3849 connecti.
727 3785 804 3848 Fuit
822 3783 976 3849 Tantalus
994 3784 1090 3868 hujus
1112 3785 1158 3850 vi·
1212 3783 1293 3846 stica
1315 3783 1506 3847 reticentur.
1545 3784 1645 3846 Natus
1668 3785 1727 3849 illo
1746 3807 1823 3856 casu
1840 3787 1957 3852 Erich-

414 3883 519 3944 ciniae
540 3905 620 3963 rex,
643 3887 735 3971 cujus
756 3901 790 3950 ct
814 3887 943 3970 insigne
968 3907 1157 3951 monumen·
1212 3883 1342 3948 thonius
1358 3885 1392 3945 in
1408 3898 1595 3969 serpentem
1611 3885 1780 3967 desinens,
1794 3909 1866 3951 cnm
1880 3888 1962 3952 ado·

413 3996 481 4048 tum
507 4005 543 4047 se
567 3986 601 4046 in
618 3988 734 4072 ¹Sipylo
755 4001 866 4052 monte
892 3987 1032 4066 vidisse,
1058 3989 1158 4052 tradit
1212 3985 1362 4061 levisset,
1380 3985 1582 4050 Athenarum
1599 3985 1670 4052 ier.
1700 3989 1849 4054 Eandem
1865 3989 1960 4056 iabu-

413 4085 586 4149 Pausanias
601 4085 653 4171 ιι),
675 4090 752 4173 quin
775 4103 809 4152 et
825 4091 929 4174 Sipyli
949 4089 1062 4154 sedem
1080 4107 1157 4153 enm
1212 4087 1276 4152 lam
1297 4087 1414 4152 recitat
1430 4089 1578 4174 Hyginus
1594 4092 1636 4173 ι).
1818 4101 1821 4108 ’

357 4195 361 4204 “
414 4187 525 4251 lisisse
545 4201 659 4251 auctor
681 4203 733 4254 est
745 4190 967 4273 Apollodorus
991 4192 1040 4272 c)',
1071 4211 1153 4278 quae
1469 4237 1488 4275 „
1534 4229 1539 4236 ·
1573 4189 1593 4228 *
1676 4243 1696 4278 4

413 4287 491 4350 urbs
519 4289 670 4352 Tantalis
699 4287 879 4352 abeodem
901 4291 1038 4354 Tantalo
1060 4307 1154 4356 antea
1285 4291 1346 4355 Sol
1331 4293 1525 4356 ledbertus
1547 4299 1705 4358 insistens
1730 4299 1831 4373 iridi,
1861 4303 1959 4386 insto

411 4389 588 4454 vocabatur
603 4389 876 4469 testibusPliuio,
895 4391 1076 4469 etSoliuo,
1094 4393 1154 4456 sed
1210 4411 1309 4472 quom
1339 4407 1406 4457 tres
1429 4397 1561 4470 leones,
1596 4409 1629 4458 et
1653 4411 1753 4478 capot
1777 4407 1912 4476 tauris
1919 4401 1959 4465 iia

413 4509 508 4573 quam
522 4503 631 4556 terrac
645 4503 735 4554 motu
747 4511 895 4558 eversam
907 4492 1008 4558 iidem
1022 4507 1055 4560 et
1066 4493 1154 4558 Stra·
1210 4515 1311 4560 numo
1330 4495 1519 4560 Alexandri
1898 4569 1904 4578 Ι
1936 4509 1952 4520 “

413 4631 1958 4670 -·-----————----—---—------·.

448 4699 791 4780 syracusanam
864 4702 1099 4776 martana.
1183 4709 1214 4778 a)
1232 4706 1335 4766 ι.ιιι.
1358 4709 1420 4780 bt·
1495 4707 1528 4778 a)
1551 4707 1616 4766 ι.ι.
1641 4721 1721 4770 aa.
1803 4711 1960 4786 ayunt

347 4829 350 4836 ·
413 4789 579 4859 eti-bb·
654 4792 686 4862 i)
705 4789 828 4852 Luciam.
849 4791 920 4852 dial.
941 4793 1022 4853 deor.
1042 4805 1068 4860 8.
1148 4797 1271 4872 Μαι).
1294 4801 1356 4861 166·
1489 4830 1493 4838 ·
