4286 5478
669 563 866 672 neone
900 575 1228 672 Paroreian..
1514 633 1519 647 ,
1649 615 1727 697 52,
1789 677 1795 684 ¹

177 757 333 841 OEO'P,
347 759 463 848 quibus
483 783 599 850 regem
619 763 707 831 hunc
727 787 822 832 usnm
846 785 924 831 con·
979 765 1104 830 torrium
1121 764 1155 829 in
1173 760 1338 829 Parthiam
1355 764 1565 848 ingressum,
1582 785 1655 832 cuns
1673 767 1730 829 ali·

175 875 255 943 stat,
276 877 316 928 'nt
335 863 493 944 diximus,
513 882 710 952 persuasere
727 867 930 948 Vaillantlc,
980 867 1135 954 quamdiu
1165 867 1257 934 velut
1288 864 1354 931 reti
1386 865 1549 931 inclusum
1584 861 1748 933 extrema'

167 977 213 1042 ,nt
230 964 262 1030 ei
281 987 415 1031 numam
434 969 521 1052 itanc
540 969 750 1056 adjudicaret.
981 990 1137 1056 quaequa-
1155 969 1222 1053 pati
1247 968 1429 1053 coegisset,
1461 989 1502 1034 ex
1525 969 1642 1032 finibus
1664 968 1731 1033 suis
1756 963 1762 972 ’

238 1065 369 1132 Eodem
379 1069 579 1133 Pellerinius
591 1069 697 1135 refert
708 1093 853 1150 numum,
868 1071 925 1158 qni
981 1072 1082 1156 ejicit.
1125 1069 1306 1134 Tiridatem
1344 1068 1409 1133 sibi
1444 1067 1650 1134 insidiantem
1685 1071 1733 1138 ri·

176 1168 275 1234 etiarn
302 1184 353 1234 est
378 1171 413 1234 in
436 1173 618 1238 Caesareos
655 1167 923 1250 ΒΑΣΙΛΕΩΣ.
982 1187 1074 1237 ctum¹
1100 1171 1228 1258 praelio
1259 1173 1294 1234 in
1322 1170 1453 1255 Syriam
1478 1169 1597 1255 fugere
1626 1171 1731 1257 cogit,

173 1264 444 1338 ΒΑΣΙΛΕΩΝ.
466 1267 701 1340 ΑΡΣΑΚΟΤ.
721 1271 924 1339 plantor.
982 1273 1042 1341 sed
1067 1296 1140 1338 cnm
1163 1273 1290 1339 saevire
1313 1273 1347 1336 in
1367 1261 1444 1338 snos
1461 1293 1529 1336 non
1547 1273 1732 1352 desineret,

174 1366 925 1457 umeruror.1tar:³‹1›1nunorttt02,
982 1376 1067 1442 solio
1092 1375 1229 1460 pellitur
1250 1389 1387 1439 evocato
1409 1395 1428 1440 e
1452 1375 1544 1458 Syria
1567 1374 1731 1450 Tiridate,

177 1471 237 1540 sed
257 1471 386 1536 inlirma
403 1494 481 1537 sane
498 1475 698 1560 conjectura.
981 1477 1112 1542 nonnisi
1137 1495 1237 1560 aegre
1264 1478 1456 1560 Scytharum
1483 1475 1610 1540 auxiliis
1636 1477 1732 1539 resti·

285 1581 289 1588 “
979 1593 1077 1644 tutus.
1099 1581 1281 1662 Augustum
1301 1579 1341 1644 V.
1351 1580 1388 1643 C.
1408 1579 1483 1660 734.
1505 1578 1539 1638 ἰη
1559 1576 1654 1659 Syria
1676 1576 1734 1639 de·

209 1709 456 1778 ARSACES
478 1713 565 1782 XHL
600 1679 817 1780 mmmm
837 1715 894 1780 ΠΙ.
981 1693 1116 1766 gentem
1138 1679 1214 1742 dum
1237 1679 1370 1758 metuit,
1396 1680 1429 1744 ei
1450 1680 1540 1767 signa
1562 1677 1729 1756 militaria,

982 1795 1017 1846 et
1045 1781 1189 1868 captivos
1216 1783 1382 1846 Romanos
1411 1803 1454 1846 ex
1481 1779 1589 1844 Crassi
1612 1791 1645 1842 et
1667 1777 1733 1839 An·

237 1881 372 1945 Arsacis
398 1880 471 1949 ΧΠ.
496 1881 594 1947 iilius.
634 1883 664 1945 Δ
694 1882 761 1946 anis
787 1893 934 1968 propter·
981 1883 1065 1948 tonii
1091 1883 1236 1948 cladibus
1262 1895 1408 1947 retentos
1434 1881 1587 1947 restituit.
1628 1879 1733 1942 Filios

178 1980 408 2047 crudelitatem
433 2003 539 2068 regno
562 1985 693 2070 pulsus,
720 2003 798 2048 mox
820 1983 926 2070 Baby·
981 1987 1039 2056 tv.
1056 1987 1194 2062 Romam
1215 1985 1347 2050 obsides
1363 1985 1465 2048 mittit
1477 1983 1588 2068 specie
1603 1980 1733 2044 firman·

176 2085 257 2148 lone
279 2085 432 2152 obsessus
453 2099 629 2172 captusque
651 2085 790 2152 airatre
808 2086 932 2152 orode
983 2088 1044 2153 dae
1074 2089 1250 2166 amicitiae,
1280 2109 1398 2153 revera
1427 2087 1515 2171 quod
1544 2083 1644 2148 fidem
1676 2101 1734 2166 po·
1870 2163 1883 2176 h

177 2185 386 2252 interficitur.
426 2187 534 2284 Quem
568 2209 708 2252 numum·
731 2188 933 2260 vaitlansius.
981 2191 1144 2278 palariam
1167 2203 1349 2272 suspectam
1371 2189 1520 2254 haberet.
1562 2185 1730 2248 Extremis

175 2289 242 2355 linc
261 2303 373 2371 vocat,
394 2289 514 2357 incerti
531 2303 582 2355 est
599 2291 710 2378 regis..
982 2291 1080 2378 rugai
1108 2293 1200 2355 annia
1222 2304 1316 2375 rapta
1337 2291 1458 2354 iteruin
1481 2309 1554 2354 cum
1577 2287 1733 2350 Romanis

478 2388 485 2406 '
984 2393 1180 2471 concordia,
1210 2391 1357 2458 sednon
1379 2392 1483 2455 multo
1506 2403 1580 2476 post
1601 2409 1733 2472 repara·

287 2507 533 2596 ARSA'CES
554 2529 644 2602 xlv·
678 2531 822 2598 01οΜ
982 2510 1015 2561 ta
1043 2497 1080 2564 C.
1104 2497 1244 2560 Caesare
1272 2495 1438 2580 Agrippae
1467 2493 1508 2558 F.
1538 2507 1661 2556 metum
1690 2509 1734 2552 ex

982 2601 1092 2666 vicino
1114 2610 1308 2663 ostentante.
1339 2598 1370 2659 A
1392 2596 1461 2660 lilio
1480 2595 1622 2658 Phraate
1645 2589 1732 2656 occi·

240 2698 373 2765 Arsacis
388 2699 460 2764 ΧΠ.
480 2697 585 2780 lilius,
606 2697 710 2800 fratre
726 2698 934 2784 interempto¹
984 2723 1039 2766 ans
1057 2713 1108 2764 eat
1124 2715 1285 2797 renovato
1300 2699 1447 2780 scelere,
1475 2716 1540 2784 quo
1558 2715 1592 2760 se
1610 2693 1734 2780 ipsein

164 2819 318 2896 'regnum
353 2801 430 2868 adit.
474 2801 627 2866 Crassum
664 2821 739 2866 cum
777 2799 929 2866 exercitu
984 2815 1113 2896 patrem
1130 2801 1321 2870 obstrinxit.⁴

177 2903 409 2994 internecione
450 2903 552 2969 delet.
606 2903 733 2988 Syriam
771 2901 936 2968 Romanis.

162 3019 414 3090 ‚praerepturas
436 3027 478 3071 eo
499 3006 603 3080 lilium
624 3007 786 3072 Pacorum
811 3003 928 3082 mittit,
1001 3086 1006 3094 Ι

178 3107 239 3170 sed
262 3127 360 3193 quem
382 3109 512 3174 Cassius
533 3109 692 3193 reprimit
724 3109 792 3172 Per
812 3107 931 3171 Labie·

176 3229 256 3274 nnm
279 3211 471 3278 lllrirornm
492 3225 583 3276 metu
603 3211 645 3276 ad
664 3211 805 3276 Parthos
826 3223 938 3274 trans·-
1053 3213 1085 3296 r)
1128 3211 1236 3296 Caput
1264 3212 1355 3292 regis
1385 3206 1531 3268 modeste
1559 3202 1741 3266 barbatam·

176 3311 320 3398 fugam,
355 3313 474 3379 addito
508 3314 630 3379 iterum
670 3313 749 3377 filio
782 3307 936 3388 Pacoro,
985 3317 1223 3380 diadematum.
1257 3299 1575 3371 ΞΒΑΣῑΛΕΩΣ.
1606 3295 1736 3366 Bazi-

178 3413 326 3498 flyriam,
358 3415 604 3496 Palaestinam,
629 3413 844 3492 Phoenicen,
877 3409 929 3476 Ci·
983 3412 1137 3482 ΛΕΩΝ.
1171 3405 1408 3476 ΑΡΣΑΚΟΤ.
1438 3399 1739 3471 ETEPPETOP..

178 3517 308 3595 liciam,
335 3530 373 3582 et
390 3517 637 3602 Asiaaparsen
661 3529 776 3594 vexat,
798 3515 858 3580 sed
878 3526 938 3580 ut·-
986 3511 1190 3583 ΔῙΚΑῙΟΤ.
1223 3503 1527 3576 ΕΠΙΦΑΝΟΤΣ.
1562 3499 1735 3570 ΦΙΛΕΛ·

176 3639 318 3707 rnmqua
339 3619 566 3689 1²..vanuttua
584 3619 712 3706 praelio
731 3619 858 3686 sintm-
880 3618 928 3681 in·
983 3611 1165 3685 ΛΗΝΟΣ.
1205 3615 1335 3680 Mulier
1355 3615 1464 3695 cupite
1491 3611 1614 3674 turrito
1638 3621 1735 3674 stans

179 3723 314 3788 terimit.
345 3724 421 3786 Rex
439 3723 564 3790 dolore
577 3724 666 3789 caesi
684 3721 745 3785 lilii
764 3741 875 3786 amens
893 3721 927 3783 in
983 3747 1012 3789 s.
1036 3719 1278 3802 cornucopioc,
1303 3717 1334 3779 ai.
1356 3713 1639 3797 palmae-'ramum
1662 3711 1736 3792 regi

179 3825 339 3890 morbum·
360 3825 495 3906 incidit,
526 3839 561 3890 et
580 3824 676 3911 regni
697 3823 928 3910 procuratione
982 3825 1112 3890 sedenti
1126 3821 1245 3906 offert,
1260 3822 1297 3881 in
1315 3821 1401 3882 imo:
1422 3810 1578 3878 ΞΑΝΤΙ.
1598 3825 1634 3874 et
1648 3803 1740 3874 ΠΣ..

178 3927 250 3992 lilio
266 3928 399 3994 Phraati
418 3928 591 3995 commissa
604 3929 705 4014 hujus
711 3927 802 4012 jussu
815 3923 928 3989 infami
983 3927 1054 3990 alt.
1072 3927 1105 3990 1..
1120 3919 1259 4006 (Sestini
1277 3919 1422 3982 Lettere·
1435 3917 1475 3981 '1¹2
1487 3915 1527 3978 11.
1548 3934 1580 3995 p.
1594 3911 1664 3994 tt.)

182 4029 361 4116 parricidio
379 4045 526 4098 necatur.
1050 4027 1085 4110 a)
1110 4027 1263 4088 Protome
1278 4025 1366 4118 regis
1381 4020 1491 4103 eapite
1505 4015 1648 4078 modeste
1660 4013 1743 4078 bar·-

247 4131 290 4196 Ei
311 4155 333 4198 a
350 4133 530 4205 Vaitlansia
556 4153 681 4200 numne
700 4129 826 4196 incerta
851 4129 929 4218 lege
985 4131 1064 4194 beto
1081 4129 1271 4190 diademato
1292 4125 1410 4206 crispis
1431 4119 1588 4182 crinibus.
1616 4113 1641 4178 Ξ
1659 4113 1737 4180 ΒΑ·

1281 3039 1445 3108 Nomia
1519 3060 1522 3066 ·

181 4235 350 4306 mnsam,
407 4252 409 4263 γ
566 4240 569 4249 ’
985 4223 1190 4294 aranon.
1205 4219 1476 4289 uanrnunu.
1493 4211 1735 4288 artantur.
1815 4197 1827 4224 ‘
1888 4161 1896 4175 ’

982 4316 1637 4398 etnrrnnnr.snn1‹t›a1tmz..
1666 4311 1737 4382 ΦΙ·

245 4475 493 4548 ΔΒΒΔςΕΒ
514 4477 583 4548 XV
621 4475 784 4542 Phraate,
803 4475 861 4540 W
985 4425 1279 4500 AEAAHNUE.
1310 4429 1553 4494 Mulierstcns
1571 4441 1737 4489 s--cornu-

578 4525 588 4545 ⁶
856 4520 866 4540 ⁹
986 4539 1103 4620 copiae
1120 4537 1262 4619 palmea·
1278 4552 1414 4596 tornum·
1436 4529 1516 4611 regi
1533 4525 1662 4588 sedenti
1686 4523 1735 4608 os-

241 4645 289 4714 vt
302 4647 403 4712 tutius
419 4659 592 4733 regnarat,
606 4645 727 4711 iratres
741 4641 841 4706 XXX
859 4661 932 4706 cae·
976 4639 1067 4726 sert,
1084 4641 1120 4704 in
1136 4643 1220 4702 imo.-
1241 4631 1283 4700 t.
1298 4625 1497 4697 MHNU‘Z.
1512 4621 1734 4692 mentat-

186 4767 222 4812 ιο
242 4746 384 4834 perlida·
392 4751 484 4836 patri»
497 4745 640 4816 infitias»
653 4748 760 4814 mittit.
800 4749 846 4813 Μ.
866 4745 931 4807 An·
991 4737 1072 4809 [PT.
1099 4741 1171 4808 alt.
1194 4739 1306 4824 (Valli.
1326 4739 1439 4800 Arsan.
1459 4733 1579 4818 imper.
1598 4727 1740 4818 pagi.)-

247 4871 342 4954 (Vol.
361 4871 448 4958 ΙΙΙ.)
1382 4856 1448 4918 lix
1468 4876 1495 4918 ι
1590 4853 1604 4874 ⁴
