4238 5460
421 524 491 600 120
1104 509 1296 582 LYDIA.

422 706 499 750 rnen
519 685 588 767 ipse
609 679 694 756 vult,
719 679 798 762 plus
818 698 915 758 quom
937 693 1060 742 certum
1083 677 1164 744 dici:
1194 733 1198 738 .
1222 691 1291 743 tum
1312 697 1370 744 eae
1392 678 1560 761 Nymphae
1582 679 1771 759 incoluere,
1803 683 1886 746 lmeo
1913 705 1969 747 au·

422 803 454 852 at
471 785 553 850 illud
569 796 679 868 potest
695 779 977 864 juredisplioere,
998 781 1077 846 ael.
1094 782 1165 843 viro
1222 792 1289 844 tem
1306 780 1393 862 Nysa
1413 779 1586 842 admodum
1605 779 1707 844 luerit
1726 783 1830 848 rioiua
1849 785 1970 850 Tralli·

422 891 519 954 etiam
543 905 660 954 numos
682 883 763 948 alios
787 884 859 946 solo
881 877 1165 944 ΚΑΙΣΑΡΕΩΝ
1221 881 1297 958 hus,
1325 895 1360 944 et
1377 881 1557 964 generatim
1577 884 1682 946 omnis
1702 883 1730 946 ia
1750 899 1871 950 tractos
1891 907 1968 970 pre-

421 971 594 1074 inseriptos
607 986 697 1048 nulla
713 997 914 1048 pertaesum
930 982 1097 1045 Trallibus
1110 981 1167 1044 tri·
1221 996 1298 1067 pter
1317 983 1386 1048 vini
1406 983 1635 1048 excellentiam
1653 985 1824 1050 Bacchum·
1839 989 1966 1072 magnis

420 1095 495 1170 hui,
523 1089 661 1176 perinde
684 1085 775 1172 quasi
795 1105 862 1148 non
883 1083 1030 1151 licuisset
1050 1083 1166 1146 Caesa·
1221 1083 1264 1148 sit
1278 1081 1457 1150 honoribus
1473 1099 1684 1170 prosecutus,
1705 1100 1741 1150 ut
1759 1101 1794 1151 et
1813 1088 1905 1152 numi
1921 1101 1969 1152 te·

421 1215 499 1259 reae
516 1191 687 1274 Bithyniae
711 1187 874 1250 ollioinam
892 1186 978 1270 apud
999 1206 1035 1249 se
1055 1205 1166 1248 mone·
1222 1199 1361 1264 utantur,
1383 1186 1455 1272 ipse
1474 1207 1554 1252 nero
1568 1187 1717 1252 Baeehus
1733 1189 1767 1250 in
1785 1189 1968 1254 Tralliano-

420 1297 534 1362 tsriam
550 1291 766 1364 constituere,
790 1301 825 1352 et
844 1287 932 1371 quod
950 1287 1087 1370 amplius
1105 1298 1164 1362 est,
1220 1309 1294 1350 rum
1323 1301 1454 1352 moneta
1482 1289 1674 1386 spequenter
1698 1303 1733 1353 et
1757 1291 1849 1356 vasio
1876 1291 1967 1354 cultu

421 1397 511 1483 quod
528 1395 560 1456 in
580 1393 822 1454 Trallianorum
843 1390 940 1452 etiam
958 1403 1090 1454 moneta
1108 1389 1164 1473 pa·
1221 1402 1419 1473 compareat,
1434 1389 1521 1454 haud
1533 1391 1865 1456 difficulterBaeehus
1879 1393 1966 1456 huno

419 1513 468 1562 tet
481 1515 596 1558 numos
606 1511 725 1568 ⁴omnes
740 1492 914 1576 inscriptos
927 1486 1163 1554 ΟΤΗΙΔΙΟΣ.
1221 1489 1284 1554 sihi
1310 1512 1445 1555 numum
1471 1493 1657 1558 vindicabit.
1694 1494 1804 1558 lovem
1825 1515 1845 1556 a
1866 1494 1967 1576 Cory·

421 1591 662 1672 ΠΟΛΛῙΩΝ,
678 1588 1037 1666 οῑΜΕΝΑΝΔΡΟΣ.
1051 1587 1168 1654 ΠΛΡ·
1219 1591 1369 1664 bentibus
1387 1592 1559 1658 educatum
1577 1594 1653 1657 ride
1670 1593 1704 1654 iu
1726 1595 1832 1658 numia
1848 1595 1967 1660 Iraodi·

395 1691 597 1760 ῬΑΣΙΟΤ
620 1696 731 1760 addito
750 1689 1053 1769 ΚΑΙΣΑΡΕΩΝ,
1081 1713 1163 1776 quos
1220 1712 1316 1772 oeae,
1339 1707 1373 1758 et
1388 1697 1554 1780 Apameae
1571 1693 1737 1778 Phrygiae
1750 1695 1894 1761 urbium.
1920 1752 1923 1761 .
1977 1747 1980 1755 ,

420 1801 534 1864 herole
560 1799 617 1860 uni
639 1795 754 1860 deheri
775 1794 954 1858 Caesareae
974 1791 1164 1876 Bithyniae,
1284 1797 1402 1860 Diana
1423 1780 1584 1880 Luoiflera
1611 1809 1705 1860 vesta
1729 1799 1836 1861 citato
1864 1819 1967 1862 eursu

420 1903 454 1964 in
472 1903 532 1966 hae
550 1899 682 1962 adfatim
700 1895 949 1981 disputavimus,
963 1905 1038 1976 'tum
1057 1907 1091 1956 et
1105 1915 1164 1956 nn·
1219 1898 1258 1960 iu
1283 1881 1332 1979 bi„
1357 1923 1373 1962 r
1398 1897 1496 1961 boum
1519 1899 1631 1981 gibbis
1655 1897 1967 1982 protuberantibus,

419 2023 508 2066 mum
528 2003 685 2064 Neronis:
712 1991 1012 2062 ΚΑΙΣΑΡΕΩΝ.
1048 1997 1165 2074 Equus
1220 2009 1361 2074 utroque
1391 2017 1493 2061 manu
1516 1999 1633 2080 sarem
1663 2011 1771 2077 tonet,
1809 1999 1850 2061 Is.
1872 2000 1966 2069 Veri.

416 2105 589 2186 gradiens,
615 2103 649 2162 in
670 2122 735 2186 quo
752 2114 860 2162 tamen
878 2094 1055 2181 legendum
1068 2095 1164 2158 ΚΑΙ·
1220 2099 1384 2178 (Pellerin
1402 2097 1516 2184 Suppl.
1534 2101 1574 2162 ll.
1593 2121 1625 2184 p.
1637 2101 1709 2183 73.)

420 2198 634 2266 ΣΑΡΕΩΝ.
652 2195 901 2274 ΚΤΜΑΙΩΝ,
926 2198 1006 2261 olim
1030 2199 1164 2262 demon·
1282 2199 1480 2265 Pellerinius
1497 2223 1672 2288 perperam
1688 2203 1846 2268 Cererem
1861 2215 1965 2288 putat.

420 2305 518 2370 atrati
534 2307 574 2387 ¹).
595 2306 762 2369 Hactenus
782 2301 882 2386 igitur
901 2313 1011 2364 certos
1028 2300 1181 2372 Trallia·,
1219 2303 1257 2362 ln
1278 2301 1384 2366 numia
1406 2301 1571 2388 Apameae
1590 2305 1762 2388 Bithyniae
1783 2304 1871 2387 juxta
1895 2325 1967 2369 mu.
2075 2305 2081 2312 '

418 2427 536 2471 norum
552 2427 668 2470 numos
682 2425 749 2468 nou
765 2418 854 2488 puto,
870 2402 932 2464 nisi
949 2401 1004 2486 qui
1020 2399 1164 2464 ΤΡΑΛ·
1219 2404 1337 2467 lierem
1355 2401 1434 2466 duas
1449 2405 1538 2470 laeea
1554 2419 1722 2470 tenentem
1739 2405 1863 2490 legitur
1877 2408 1969 2470 Dih-

417 2501 617 2580 ΛΙΑΝΩΝ
636 2506 772 2580 addunt,
794 2517 932 2585 suntque
950 2515 1140 2587 requentess
1219 2505 1290 2567 NA.
1311 2505 1470 2584 nvem,
1504 2519 1539 2570 et
1568 2507 1664 2591 bigae
1691 2522 1859 2572 taurorum
1888 2509 1967 2574 Dia·

365 2591 370 2602 ’
483 2599 1162 2686 ntelouTPAAAIhNttN.Ap0uo
1218 2625 1298 2683 nae,
1328 2626 1402 2669 eum
1430 2607 1526 2670 lunae
1554 2631 1670 2672 munus
1696 2609 1861 2692 iungitur,
1891 2631 1968 2693 pro·

418 2721 515 2772 stans
540 2710 572 2784 d.
595 2728 739 2784 ramum,
766 2727 794 2773 s.
817 2707 944 2788 ζγναιη,
973 2703 1162 2770 Domitiani.
1218 2709 1311 2793 priae
1333 2723 1422 2784 sunt,
1445 2721 1487 2772 ut
1501 2709 1597 2794 bigae
1620 2732 1779 2797 equorum
1800 2705 1881 2776 etti.
1910 2715 1964 2776 De

421 2808 553 2890 (Vaill.)
1218 2809 1324 2874 hobus
1338 2809 1482 2896 pilaboris
1496 2812 1571 2880 vide
1587 2813 1682 2878 altius
1697 2833 1814 2878 numos
1829 2815 1966 2899 stagne-

482 2901 659 2971 melec
676 2907 821 2972 relertur
836 2907 877 2970 ad
893 2907 1092 2990 Apollinem,
1107 2927 1163 2970 ou·
1219 2912 1288 2978 siae
1304 2912 1438 2996 Lydiae.

422 3011 473 3092 jus
494 3009 637 3090 honores
660 3011 745 3093 apud
766 3010 949 3072 Trallianos
972 3009 1072 3072 luisse
1094 3008 1163 3070 exi·
1478 3002 1512 3101 5'
1583 3018 1603 3057 ¹
1684 3063 1706 3102 Φ

418 3113 519 3188 mios,
549 3111 737 3194 praedicant
762 3111 851 3172 numi
876 3111 1066 3196 frequentes
1087 3129 1163 3172 eum

419 3213 584 3277 mentione
612 3213 765 3274 ludorum
791 3211 1001 3296 Pythieram,
1029 3225 1100 3276 tum
1128 3225 1163 3277 et

420 3315 509 3379 citati
530 3313 704 3394 ¹autonomi.

1283 3154 1510 3237 Magistratus
1522 3149 1741 3237 Γραμματευς,
1757 3155 1884 3234 scriba,
1899 3153 1967 3218 l're·

1219 3273 1322 3340 meus
1339 3254 1416 3318 inde
1433 3278 1451 3318 a
1470 3259 1515 3320 tl.
1531 3256 1679 3318 Aurelio.

1283 3359 1473 3419 Proetmmr
1495 3357 1575 3422 vidit
1593 3359 1784 3425 Vaillantius
1806 3339 1851 3420 in'
1865 3377 1967 3422 numo

1219 3457 1376 3520 Gordiani
1402 3460 1507 3521 musei
1528 3460 1717 3545 Carpegna‚
1748 3481 1862 3524 rerum
1891 3481 1966 3525 eum

1221 3559 1316 3642 hujus
1344 3579 1410 3622 non
1438 3562 1625 3625 meminerit
1644 3561 1900 3638 Buonarrotios,
1934 3563 1967 3622 in

1180 3717 1190 3732 .
1223 3663 1293 3746 ejus
1318 3660 1462 3725 lectione
1484 3649 1810 3746 auspicor'Vaillantii
1829 3661 1967 3746 lapsum.

486 3417 615 3478 Mulier
635 3417 750 3478 sedens
769 3415 932 3480 volitante
952 3417 1049 3500 peplo
1070 3417 1164 3500 puel·

419 3521 488 3580 lum
508 3515 633 3590 laetat,
650 3519 900 3581 circumsistunt
917 3538 991 3579 rom
1010 3531 1078 3580 tres
1094 3539 1164 3580 mu·

419 3621 517 3681 lieres
536 3615 627 3678 uelut
646 3617 869 3698 tripudiantes
883 3619 991 3700 peplis
1009 3623 1164 3695 sinuatis,

420 3733 453 3782 et
470 3699 713 3782 monusursum
728 3719 819 3781 elota
834 3719 992 3784 bacillum
1008 3731 1155 3782 tenentes

424 3819 762 3934 3⁰²⁰¹¹¹¹¹¹1i¹¹⁰l¹¹¹i
1081 3919 1089 3935 ,
1224 3859 1792 3930 en1.cr1²A.eraeec'ror.
1827 3863 1968 3948 (aeson

484 3923 642 4002 llaymtus
668 3918 865 4002 Corybantes
893 3933 1003 4010 putat,
1035 3941 1091 4004 qur
1116 3921 1167 3982 le-
1221 3966 1356 4028 LmT
1380 3965 1426 4033 lv
1506 3969 1591 4048 m)

422 4043 496 4084 rem
513 4021 784 4096 adnumerasse
802 4021 929 4086 habitus
944 4021 1079 4084 feminas
1095 4023 1165 4084 sine
1357 4011 1366 4030 ’
1427 3987 1489 4050 'P'
1566 4012 1573 4028 '

423 4122 523 4184 duhio
550 4121 637 4184 lacit.
673 4121 793 4188 Verius
816 4145 899 4208 ergo
920 4126 1070 4186 existimo
1091 4147 1167 4207 pro·
1481 4149 1500 4186 e
1585 4105 1606 4142 *
1686 4151 1707 4188 a

422 4223 541 4307 positas
568 4223 603 4282 in
630 4220 694 4283 hoo
717 4244 816 4286 numo
839 4227 1018 4306 Nymphae,
1048 4227 1165 4310 quibus
1283 4231 1411 4296 Nomen
1453 4235 1494 4296 ob
1537 4237 1756 4318 imperotores
1812 4235 1971 4298 Karch-

422 4323 586 4387 nutriendi
598 4322 720 4385 Bacchi
735 4341 812 4386 eura
826 4326 972 4388 mandata
988 4325 1058 4402 luis,
1075 4327 1163 4410 quod
1223 4329 1368 4398 ΡΕΩΝ.
1407 4331 1749 4401 ΤΡΑΛΛΙΑΝΩΝ.
1790 4335 1824 4398 in
1868 4357 1971 4398 numo

423 4447 495 4488 cum
511 4437 678 4505 peractum
694 4421 804 4498 faerit,
816 4429 855 4486 ht
871 4441 984 4488 auctor
1000 4442 1050 4490 est
1064 4431 1164 4512 Apol·
1219 4433 1418 4512 Domitiani,
1440 4436 1602 4519 (Pellerin
1635 4439 1715 4502 Ree.
1738 4437 1794 4498 lll.
1825 4459 1856 4521 p.
1881 4438 1971 4518 adh.)

423 4527 556 4588 lodorus
579 4521 627 4606 b),
658 4524 745 4608 apud
771 4523 890 4610 Nysam
915 4527 1031 4607 Asiae,
1067 4540 1162 4613 quam
1221 4549 1255 4597 et
1275 4536 1394 4621 passim
1416 4536 1449 4598 in
1471 4536 1664 4602 antonomis.

459 4711 489 4800 a)
508 4729 596 4786 namt
611 4727 667 4790 va.
681 4722 784 4806 proi.
857 4731 892 4808 a)
911 4731 944 4792 u.
955 4731 1009 4794 111.
1026 4742 1089 4798 aa.
1106 4738 1130 4809 t.
1140 4747 1167 4801 s.

1155 3763 1166 3796 ⁹
1223 3765 1346 3826 Tamen
1363 3777 1497 3844 praetor
1512 3764 1634 3847 legitur
1648 3765 1682 3825 in
1700 3783 1799 3826 numo
1815 3763 1855 3824 L.
1866 3763 1967 3832 Veri:
2101 3755 2102 3758 ¹
