4160 5454
330 573 338 580 .
442 547 520 618 222
561 573 564 580 .
915 585 920 592 .
986 519 1188 596 aeuus
1224 516 1452 630 aratra.

503 702 654 764 Aurorae
667 693 764 758 etiam
776 689 984 776 expedienda
996 691 1092 768 ratio,
1105 707 1188 774 quae
1245 689 1391 753 humet-ia
1418 687 1542 754 laurea.
1579 685 1665 758 the
1697 688 1811 758 aimilea
1835 697 1945 764 aliarum
1988 761 1997 778 ,

444 799 587 890 figitur
577 821 612 862 tn
630 815 730 860 numo
745 792 1012 872 enormitatis,
1032 806 1069 856 et
1089 811 1188 878 taepe
1244 789 1440 854 familiarum
1464 788 1589 854 fabulae
1609 790 1694 874 apud
1718 793 1832 858 lunium
1844 800 1888 880 ),
1905 803 1947 864 cui

445 907 479 968 iu
498 899 745 968 Seleucidarum
763 895 870 958 numia
887 893 985 959 redit.
1019 894 1070 954 Ex
1088 892 1190 976 pluri·
1244 892 1329 958 adde
1347 892 1532 960 Himerium
1552 891 1779 978 sophistams).

442 1008 505 1072 hoa
528 1003 694 1068 audiamur
719 997 878 1062 Iustinum
894 999 934 1077 ¹).
973 997 1114 1058 Matrem
1128 994 1191 1058 Se·
1503 1037 1524 1080 ,

444 1109 532 1173 leuci
560 1103 728 1168 Laodicen
760 1099 868 1164 refert
899 1095 961 1159 eibi
982 1097 1085 1163 ritem
1111 1116 1188 1162 ease
1310 1099 1419 1181 Caput
1438 1096 1539 1160 Iouis.
1570 1041 1867 1165 tnazlhttttz.
1888 1077 1949 1164 ΣΕ

353 1285 355 1290 ,
444 1232 506 1296 per
527 1207 674 1292 quietem
694 1201 740 1266 'ex
755 1199 909 1266 aoenhitn
927 1197 1088 1282 Apolliaia
1112 1217 1190 1262 oon·
1242 1193 1449 1266 ΛΕΤΚΟΤ.
1473 1201 1617 1263 Pallas
1601 1219 1639 1260 tu
1650 1199 1878 1282 elephantorum
1889 1223 1950 1282 quo

444 1312 593 1396 oepiaae,
617 1304 848 1390 gravidamque
870 1301 988 1364 laetam
1016 1299 1148 1364 anulum
1169 1321 1189 1362 a
1243 1306 1352 1387 ‹trtgts
1366 1304 1499 1366 hostum
1518 1303 1683 1376 intentet,
1703 1305 1738 1364 iu
1753 1323 1825 1364 areu
1842 1322 1951 1367 oaeora.

440 1414 511 1476 deo
534 1409 598 1473 eibi
618 1408 704 1471 done
724 1405 853 1481 datum,
882 1401 916 1464 in
938 1401 1030 1485 eujaa
1060 1421 1189 1484 gemma
1245 1405 1317 1470 All.
1332 1406 1357 1470 l.
1377 1405 1419 1469 ll.
1440 1405 1542 1486 (Mna.
1558 1401 1655 1466 Caear
1668 1403 1813 1488 Segnia.)

443 1533 564 1580 ancora
585 1509 711 1592 aeulpta
731 1519 829 1571 eaaet.
872 1506 1002 1570 Revera
1030 1503 1188 1588 postridie
1308 1506 1416 1590 Caput
1427 1505 1572 1583 juvenile
1586 1505 1694 1568 leonis
1711 1509 1952 1582 exuviisteetum
2038 1561 2039 1588 p

444 1621 478 1680 in
499 1617 588 1679 lecto
606 1633 680 1678 eum
701 1621 869 1694 repertum
891 1607 1042 1684 anulum,
1064 1621 1189 1671 natum·
1243 1619 1279 1670 et
1307 1608 1443 1688 iusuper
1472 1605 1612 1668 alatum.
1656 1601 1681 1664 Ξ
1722 1599 1952 1671 ΒΑΣΙΛΕΩΣ.
2038 1637 2039 1666 r

446 1739 511 1813 que
528 1716 650 1780 exactio
674 1711 840 1775 ruentibus
857 1727 994 1792 parerem
1011 1708 1188 1772 Seleucum
1243 1701 1514 1770 ΣΕΛΕΤΚΟΤ.
1538 1706 1672 1770 rarius:
1704 1706 1773 1772 BA.
1796 1704 1863 1772 ΣΕ.
1887 1709 1953 1770 You-

446 1839 599 1885 ancoram
614 1815 765 1879 hebuiaau
781 1811 929 1875 femori'
919 1831 1121 1892 rmpreaaam.
1144 1813 1189 1874 llt
1245 1833 1303 1874 rur
1322 1821 1511 1892 cornupeta
1532 1809 1603 1874 ΑΕ.
1616 1811 1674 1872 111.
1691 1812 1788 1892 (.hlua
1803 1810 1884 1875 Gtea.
1896 1809 1954 1873 Pel·

445 1921 601 1984 muntiare
612 1917 750 2002 originia
765 1915 836 1998 ejua
852 1925 1077 1998 argumentum
1089 1913 1188 1975 etiam
1244 1909 1357 1992 latin.)

447 2024 480 2084 in
497 2020 661 2106 porteria3
683 2017 769 2080 filioa
787 2016 875 2078 enim
892 2027 1096 2098 nepotesque
1117 2016 1188 2097 ejot
1312 2015 1422 2096 Caput
1442 2016 1532 2096 ragis
1553 2013 1777 2076 diadematum
1797 2010 1955 2075 elutum}

441 2143 598 2186 ancoram
618 2120 651 2181 in
671 2118 799 2183 femore
817 2117 910 2182 velut
925 2129 1036 2178 notam
1055 2117 1188 2200 generia
1246 2116 1370 2180 Eadem
1389 2135 1523 2182 vcrue-rra.
1545 2115 1615 2178 ΔΕ.
1628 2117 1685 2179 lll.
1710 2115 1847 2197 (llaym.)

445 2218 627 2289 naturalem
643 2220 812 2286 ohtuliato.
836 2220 952 2304 Neque
966 2219 1087 2284 laetum
1102 2218 1188 2282 iatud
1310 2219 1418 2299 Caput
1446 2217 1618 2299 Apollinis
1651 2218 1740 2278 laur.
1769 2211 1878 2279 tta,
1896 2207 1955 2277 ΣΕ.

448 2329 556 2412 puetis
584 2325 822 2411 praeteritum,
851 2343 926 2386 nam
956 2321 1003 2385 rie
1024 2321 1187 2384 Ausoniae
1250 2317 1756 2401 Tripus.,AE.1u.(Petterin.)

447 2430 489 2494 de
507 2430 566 2494 illo
580 2427 634 2512 tq:
1059 2477 1061 2480 .
1303 2421 1427 2482 Numae
1438 2421 1462 2480 l.
1474 2420 1641 2483 Palladem
1651 2419 1957 2501 elephantorumque·

833 2523 898 2590 itta
918 2524 1089 2588 Seleucum
1241 2521 1354 2606 drigaa
1371 2525 1543 2602 regentem
1562 2519 1674 2586 offert.
1705 2521 1807 2586 Pallaa
1825 2522 1881 2604 iam
1896 2519 1956 2581 iude

487 2631 677 2711 Nuneupea
692 2627 1053 2712 iugenuameujusfltt't
1065 2643 1189 2688 aurora
1245 2624 1286 2688 ah
1303 2621 1491 2687 Alexandro
1509 2625 1555 2687 Μ.
1578 2644 1619 2684 ex
1640 2625 1852 2687 Macedonum
1871 2621 1957 2683 annia

945 2730 1096 2810 signum,
1215 2726 1395 2810 ¹cognito,
1424 2725 1515 2808 eujua
1543 2739 1720 2809 propterea
1744 2724 1843 2789 uultur
1863 2725 1893 2784 in
1915 2723 1959 2802 Sp·

492 2832 615 2915 Qualis
626 2833 743 2894 taurea
753 2828 840 2892 tolet
849 2832 1071 2912 generisuotn
1085 2840 1190 2908 certe,
1245 2829 1315 2891 riae
1340 2826 1475 2910 regihua
1500 2825 1638 2893 duravit.
1688 2832 1762 2913 lpae
1787 2847 1861 2892 tero
1883 2839 1959 2907 typus

941 2949 1146 3015 peromnem
1246 2943 1371 3014 partam
1387 2928 1528 3012 aliquam
1544 2928 1795 3013 elephantorum
1809 2948 1867 3012 ope
1880 2929 1960 2992 riuta-

489 3032 577 3098 llom
599 3033 726 3096 sobolis
747 3037 866 3096 seriem
894 3037 1012 3097 uotiua
1041 3033 1190 3096 eueurre't
1245 3033 1328 3096 riam
1357 3031 1532 3115 eloquitur.
1563 3035 1666 3096 Teate
1689 3027 1848 3096 strabone
1870 3029 1961 3092 Seleu·

943 3137 1065 3218 t'magu.
1245 3153 1304 3197 uua
1325 3156 1343 3196 a
1369 3131 1585 3196 Sandroootto
1614 3133 1771 3197 ludorum
1794 3149 1869 3213 rege
1887 3128 1960 3210 eujua

447 3241 555 3322 Atque
579 3237 661 3299 haee
686 3234 793 3298 labala
816 3248 889 3298 ntat
916 3235 1045 3320 inepta,
1073 3235 1121 3300 aie
1145 3249 1190 3300 ta·
1244 3233 1345 3297 liliam
1368 3255 1506 3298 uxorem
1529 3235 1640 3312 duxit,
1663 3237 1706 3300 D.
1729 3234 1905 3317 elephantos
1923 3247 1961 3290 ae·

448 3359 524 3402 men
542 3339 711 3421 invulgat
731 3337 867 3422 probata
889 3336 970 3415 fuit,
992 3349 1028 3400 ut
1047 3355 1116 3400 nan
1132 3335 1189 3398 do·
1247 3337 1336 3420 cepit
1358 3339 1408 3420 a),
1438 3335 1525 3400 unde
1549 3337 1652 3402 eredo
1677 3333 1814 3411 fiotum,
1847 3346 1880 3396 ut
1902 3349 1961 3393 eun

423 3429 591 3504 'latrarent
610 3440 702 3524 Sigei
719 3439 753 3500 in
769 3438 899 3502 aoleuni
920 3437 1140 3523 psephismate
1155 3437 1190 3500 iu
1244 3439 1437 3504 Demetrius
1464 3459 1527 3523 per
1557 3437 1736 3502 ludibrium
1758 3435 1964 3516 ἔλιφαπαρχην,

448 3543 602 3607 Antiochi
625 3545 650 3605 1.
680 3541 842 3605 honorem
873 3541 1042 3624 preponito
1070 3560 1189 3606 vorare
1245 3544 1496 3624 elephantorum
1522 3543 1724 3624 magistrum
1749 3530 1962 3624 appellaretht

448 3645 636 3730 Apollinem
651 3641 827 3730 ἀρχηιγηηι
846 3667 882 3706 ea
901 3663 993 3728 quac
1017 3640 1108 3719 ewa,
1131 3665 1190 3706 uu·
1236 3641 1389 3711 -Vitaur
1416 3641 1597 3707 honoriliea
1624 3641 1708 3706 haee
1741 3627 1963 3725 elephantorum

448 3763 572 3810 ctorem
592 3751 724 3830 generis
739 3747 809 3824 ejus
824 3747 864 3828 e).
896 3746 940 3808 At
958 3743 1046 3807 enim
1063 3743 1191 3829 gentili-
1245 3743 1444 3813 vehiculatio
1464 3743 1503 3807 ab
1519 3743 1606 3807 India
1623 3741 1792 3824 derivata}
1812 3759 1881 3803 nam
1896 3747 1964 3800 teate

448 3849 528 3910 tium
544 3848 607 3911 hue
622 3849 656 3908 in
672 3846 855 3912 Seleucidia
870 3846 1062 3933 miraculum
1080 3865 1191 3910 exem·
1245 3845 1387 3910 Arriano
1411 3844 1436 3929 i)
1457 3846 1587 3930 regium
1608 3845 1696 3930 apud
1716 3845 1815 3909 ludos
1831 3853 1896 3906 erat
1911 3838 1965 3900 ele·

449 3949 506 4030 plo
534 3969 600 4011 nou
629 3950 743 4013 caruit
806 3951 890 4012 Nam
913 3949 1019 4014 refert
1047 3947 1189 4012 loli'auua
1244 3947 1373 4032 phantit
1391 3948 1477 4012 vehi.

449 4051 534 4130 Aug.
550 4045 583 4128 d)
605 4051 765 4132 genuinae
779 4051 956 4134 Pelopidae
977 4071 1133 4136 eaproter
1153 4050 1189 4112 ln
1308 4051 1407 4114 Numi
1423 4053 1462 4112 11.
1480 4065 1577 4134 eaput
1597 4053 1745 4116 inaoleua
1764 4069 1861 4135 quem
1875 4041 1967 4124 exlgtl

449 4149 595 4213 humeris
623 4150 775 4218 habuitne
798 4153 906 4236 gentio
928 4151 1065 4230 iuditia,
1092 4166 1189 4235 atque
1245 4153 1462 4238 explieaturn,
1485 4152 1621 4220 dillieile
1644 4169 1696 4218 eat
1715 4151 1881 4218 deeidam.
1913 4143 1967 4204 Ne·

449 4251 538 4316 idem
565 4252 600 4314 iu
630 4251 767 4316 Boeotia
794 4254 953 4338 aeeidiaae
976 4255 1038 4332 iia,
1064 4254 1122 4338 qui
1147 4273 1190 4317 ex
1243 4275 1404 4340 quaquam
1433 4255 1562 4332 miror,
1594 4256 1814 4326 aVaillautiu
1843 4263 1875 4314 et
1896 4247 1967 4326 Παγ-

450 4355 641 4439 Spprtorum
669 4351 826 4455 tanguiue
851 4354 1005 4434 luerunt,
1034 4354 1189 4439 intedpta
1237 4359 1312 4422 ‘mio
1334 4355 1399 4422 diei
1420 4372 1517 4444 caput
1545 4359 1647 4444 ipaiua
1668 4359 1780 4444 regia,
1810 4375 1879 4420 eam
1903 4363 1968 4412 tum
2038 4379 2039 4430 Τ

440 4477 1953 4520 “mm-d-

485 4581 516 4647 a)
535 4577 567 4633 L.
579 4579 646 4640 XV.
665 4595 691 4638 e.
707 4588 736 4643 4.
816 4577 1114 4652 memmerunt.
1196 4583 1227 4655 e)
1240 4577 1396 4641 etiamn.
1423 4585 1493 4643 Aut.
1514 4583 1596 4642 Asiat
1622 4603 1654 4661 p.
1666 4591 1716 4657 49.
1738 4576 1876 4639 Muratori
1890 4574 1966 4632 Thea

449 4661 681 4742 huet-Mtte·
738 4669 873 4745 d)·0rat.
890 4671 929 4730 11.
949 4679 996 4736 tt.
1048 4675 1084 4746 e)
1097 4673 1136 4732 de
1150 4673 1224 4732 riou
1240 4686 1301 4734 ret.
1320 4674 1404 4735 ΕΗ.
1424 4675 1523 4750 cap.l.
1540 4683 1627 4752 p.t9·
1682 4667 1896 4748 norat-vm.
1914 4667 1967 4722 el·
2038 4643 2039 4704 i

450 4753 483 4824 8)
503 4753 608 4816 Uv-
628 4777 659 4834 p.
677 4777 715 4816 n.
735 4770 814 4826 rost·
886 4761 1326 4834 mrtuuoeaaummr.
1399 4765 1424 4840 i)
1443 4763 1605 4828 marne
1624 4777 1709 4829 etr.
