4168 5454
587 593 894 684 sanarem,
925 591 1134 666 raanan.
1561 611 1630 691 ιιι

118 761 313 846 Vespasiano,
349 761 442 836 Tito,
478 761 685 842 Domitiano,
723 765 832 828 Nerva
890 784 954 850 qne
976 776 1011 826 nt
1033 761 1163 848 gravina
1185 761 1377 846 adfligeret,
1407 763 1531 828 sicinae
1552 764 1636 828 Lao·
1758 781 1764 792 ·

116 863 325 950 inperantibus
344 865 443 926 saluit
461 867 711 930 Antiochine'et
731 867 765 928 in
788 867 833 930 ai·
890 868 1027 942 dionae,
1065 883 1138 928 enm
1178 885 1239 949 qua
1281 879 1373 932 vetata
1408 863 1459 927 illi
1498 879 1637 949 propter

116 967 184 1030 sinis
206 965 378 1049 epigraphe
406 963 578 1032 ΕΤΟΤΣ.
606 963 744 1031 ΝΕΟΤ.
772 967 835 1030 IE-
889 968 1140 1034 aemulationem
1160 966 1323 1045 simultas,
1345 966 1484 1050 subjecit
1503 963 1547 1047 d).
1576 968 1644 1036 Ta·¹

116 1064 214 1146 POT„
242 1066 283 1130 tle
311 1068 402 1147 enjus
427 1079 539 1130 natura
561 1082 678 1153 agetur
698 1069 833 1134 anobis
890 1093 967 1136 men
989 1069 1064 1134 nrbi
1084 1083 1196 1135 sotera
1220 1069 1291 1152 jura
1315 1082 1390 1132 aunt
1412 1071 1562 1137 restituta
1580 1061 1638 1137 de·

115 1171 185 1234 alihi.
224 1169 290 1232 Sub
318 1168 459 1251 'l'rsjano
490 1170 578 1247 onai,
613 1183 649 1233 ιιι
678 1171 832 1248 sidianua,
891 1187 1048 1258 precante
1068 1171 1232 1236 Caracalla
1251 1169 1356 1234 adbuc
1373 1191 1478 1254 puero
1499 1176 1542 1253 θ).
1559 1171 1640 1264 Pri·

115 1273 299 1356 ireqoentes,
327 1269 387 1334 aed
413 1269 453 1334 nh
480 1269 545 1335 boo
572 1292 676 1360 nsque
705 1274 746 1337 ad
771 1277 834 1337 Pe·
891 1298 984 1353 mna,
1020 1295 1118 1360 qnam
1154 1273 1331 1347 hahemus,
1371 1273 1489 1337 Severi
1522 1293 1642 1336 nomos

116 1375 257 1438 nennium
294 1393 430 1455 magnas
462 1372 585 1450 bintus,
622 1389 677 1436 ant
709 1397 834 1440 somnae
892 1363 1183 1460 ejus'eensnlsann
1205 1377 1386 1452 lihnotat,
1411 1373 1562 1458 quomis
1588 1393 1651 1436 ree

116 1497 209 1540 eornm
229 1475 352 1539 raritas.
396 1475 494 1558 Ejus,
523 1489 560 1538 ιιι
582 1475 731 1554 videtur,
761 1497 835 1541 eau-
891 1501 972 1544 sera
1004 1479 1038 1539 in
1069 1479 1172 1560 Syria
1197 1475 1290 1538 inivit
1321 1477 1362 1544 V.
1386 1475 1422 1539 G.
1456 1477 1530 1554 055.
1575 1476 1642 1540 Do·

114 1599 140 1640 aa
170 1577 224 1640 leit
248 1575 451 1652 Hadrianus,
488 1577 546 1662 qni
576 1592 661 1644 teste
695 1581 837 1664 Spartia-
893 1581 989 1644 dueta
1017 1579 1155 1643 subinde
1182 1600 1201 1642 a
1231 1577 1396 1640 Corsoalla
1425 1575 1572 1653 colonis,
1606 1589 1642 1642 ot

113 1699 147 1742 no
164 1683 188 1758 Ι)
209 1679 489 1742 Antiochenses
473 1697 526 1742 tto
544 1685 620 1744 odio
636 1683 785 1760 habui,t
798 1696 836 1746 ut
892 1682 1040 1761 dicetur,
1062 1700 1127 1766 quo
1151 1699 1267 1757 oaeso,
1294 1691 1337 1742 et
1350 1678 1498 1742 Macrino
1520 1677 1592 1742 ad
1582 1699 1651 1742 ana*

114 1779 226 1864 Syriam
252 1801 273 1844 o
298 1785 465 1850 Phoenice
493 1802 648 1864 separare
676 1783 844 1861 voluerit,
891 1785 1019 1870 perium
1037 1796 1166 1859 evento,
1183 1785 1299 1845 statim
1317 1784 1405 1863 opud
1419 1781 1642 1844 Antiochiam
1680 1817 1682 1822 ·

111 1903 142 1944 as
164 1894 209 1945 tot
227 1887 405 1948 etesiarum
432 1885 622 1964 metropolis
643 1885 836 1948 Antiochia
893 1899 1026 1950 moneto
1056 1887 1229 1947 Antonini
1266 1883 1474 1948 Diadumeni
1510 1885 1644 1948 raomitte

111 1985 268 2046 diceretur
302 1981 404 2078 Quod
434 1986 623 2070 Spartianus
650 1987 765 2050 scribit
793 1987 835 2052 ab
889 2007 1049 2071 percusso
1067 1999 1147 2062 ιιι,
1160 1987 1326 2048 Macrini
1332 2003 1435 2062 usqne
1454 1983 1532 2044 nd
1513 2003 1644 2060 passum

111 2083 252 2150 Hadriano
274 2089 467 2162 autentum,
489 2087 577 2150 istnd
601 2087 758 2154 ofl'eotusn·
783 2111 837 2154 re·
891 2104 1029 2152 senatus
1046 2087 1157 2150 dilato
1173 2099 1240 2162 est,
1263 2097 1299 2146 ιιι
1319 2083 1362 2146 ait
1378 2082 1585 2167 lampridius
1606 2081 1655 2163 0,.

111 2186 163 2248 lest
176 2187 302 2264 Snidae,
329 2207 405 2253 euna
427 2189 471 2251 sit
491 2187 545 2270 ιι),
571 2195 693 2274 'l'yrom
713 2191 754 2257 ab
771 2195 837 2256 Ha·
892 2189 978 2253 tttnd
999 2195 1116 2252 statim
1135 2185 1315 2270 Lampridii
1332 2186 1503 2270 praeclare
1522 2182 1643 2250 conlin-

109 2289 204 2352 driano
235 2287 358 2354 dictam
395 2293 616 2376 metropolim.
660 2294 726 2356 Aut
754 2313 836 2379 ergo
893 2306 961 2356 nat
984 2311 1101 2353 namna
1127 2286 1378 2354 Diadumeniani
1400 2307 1497 2369 supra
1521 2284 1643 2350 deseri

110 2403 183 2454 setta
207 2403 273 2456 tntu
305 2393 346 2456 iis
377 2393 528 2478 adempta
558 2395 750 2480 privilegia,
782 2409 842 2459 aut
895 2409 987 2478 ptus,
1017 2414 1092 2456 nam
1120 2393 1196 2456 satis
1223 2399 1328 2475 patet,
1359 2388 1557 2450 monetarios
1579 2407 1642 2470 por

109 2493 204 2556 saltem
235 2495 362 2570 aeoiaa,
399 2507 454 2558 aut
482 2497 680 2562 Antiocheni
710 2497 842 2562 insenso
895 2496 1137 2560 festinationem
1166 2515 1239 2558 onan
1269 2491 1339 2571 eius
1367 2490 1474 2574 eapite
1495 2489 1651 2571 junxisse·

110 2593 189 2658 inere
207 2597 239 2660 in
260 2597 466 2662 Hadrianum
489 2599 607 2664 animo.
640 2601 759 2662 hislam
782 2600 841 2664 de-
895 2617 1061 2671 eversam,
1086 2617 1168 2681 qnae
1191 2595 1253 2662 soit
1276 2594 1473 2658 caracallae.
1504 2593 1549 2653 Δι
1571 2610 1644 2667 eur,

108 2697 171 2761 inde
203 2701 340 2784 gratiam
382 2723 400 2762 a
439 2703 485 2762 Μ.
516 2700 653 2766 Aurelio
691 2703 836 2780 inisero,
895 2700 984 2786 quod
1007 2701 1051 2763 sit
1075 2698 1301 2782 Lampridius,
1332 2693 1646 2780 deproperataDis·

109 2801 218 2881 qnando
235 2824 271 2866 se
294 2800 415 2866 Atidio
431 2803 560 2880 Cassio,
587 2807 644 2888 qni
662 2805 837 2890 imperium
895 2803 1082 2878 dnmeniani
1109 2803 1172 2865 lilii
1197 2815 1345 2878 monete,
1374 2797 1513 2862 Macrini
1541 2794 1650 2880 patrie

108 2901 236 2986 insyria
256 2905 464 2988 arripuerat,
490 2905 748 2986 conjunxerant,
775 2907 838 2972 etsi
865 2908 870 2916 '
895 2926 998 2990 usque
1014 2903 1054 2966 ad
1070 2905 1191 2989 jussum
1211 2919 1341 2968 senatus
1355 2899 1475 2965 ditarat
1497 2899 1647 2982 Dignum

109 3001 318 3090 indulgentior
333 3008 513 3091 imperator
528 3021 734 3086 ornamenta,
755 3029 839 3092 quse
896 3027 973 3071 sane
996 3027 1148 3085 examen,
1170 3007 1225 3071 eni
1246 3005 1360 3069 oritioa
1380 3005 1591 3075 immoretur,
1613 2999 1642 3060 ai

108 3105 170 3168 arbi
198 3108 400 3186 abstulerat,
437 3111 581 3172 restitnit
612 3113 653 3192 ο).
714 3111 841 3178 Valens
897 3109 1003 3172 oratio
1031 3121 1120 3173 esset
1150 3108 1292 3172 auotoris
1322 3107 1424 3190 nangis
1451 3103 1491 3170 nd
1522 3101 1655 3167 {anien-¹

107 3205 244 3274 haetenus
281 3233 360 3274 oum
397 3211 571 3274 Commodi
605 3213 713 3297 capite
751 3233 845 3276 oom-
897 3211 970 3276 dam
990 3211 1088 3274 iidem
1108 3211 1229 3276 idonei.
1263 3210 1331 3272 Cur
1351 3208 1461 3270 nullus
1482 3203 1517 3268 isl
1540 3222 1655 3287 genus·

107 3323 213 3390 pertas.
245 3315 379 3378 Severo
403 3327 437 3376 et
458 3313 644 3378 Pescennio
665 3336 728 3398 pro
750 3315 842 3380 orbis
897 3335 1014 3377 numos
1037 3328 1145 3379 exstat
1165 3332 1238 3377 onm
1262 3312 1367 3396 eapite
1389 3304 1568 3372 Alexandri
1586 3303 1645 3368 se-

105 3411 230 3494 itnperio
260 3415 491 3479 dimicantibus
521 3417 696 3482 Pescennii
730 3433 840 3500 partes
898 3417 970 3480 seri
1000 3428 1043 3480 et·
1063 3416 1247 3492 Maximini,
1288 3413 1402 3477 saltem
1438 3407 1527 3494 quod
1563 3403 1646 3468 mihi

105 3515 233 3596 anplexi
261 3531 341 3580 aunt
370 3517 588 3593 Antioohani,
624 3533 721 3605 atque
752 3519 840 3582 istud
898 3532 1044 3596 oonstat,
1081 3519 1210 3604 ignoro.
1254 3517 1345 3579 Haeo
1379 3533 1419 3577 es
1454 3510 1505 3572 his
1537 3507 1647 3572 nomia

105 3627 181 3680 tanto
210 3617 383 3702 cupidius,
420 3620 509 3704 qnod
537 3619 624 3704 spati
654 3641 691 3684 se
720 3642 840 3704 pnrpn·
897 3619 940 3687 ad
963 3621 1132 3683 historiam
1156 3621 1409 3702 imporatorum,
1434 3611 1497 3694 jam
1516 3609 1655 3694 reliqna·

104 3737 163 3780 ram
182 3721 337 3806 snmpait,
364 3735 399 3786 et
417 3721 506 3785 urbia
523 3744 601 3786 snae
618 3722 843 3788 delectabatur
900 3744 1104 3810 peragamus.

104 3823 289 3900 speetaealia
321 3835 358 3886 et
384 3823 617 3908 voluptatibus.
661 3829 732 3890 Hae
760 3845 842 3906 ergo
964 3818 1254 3886 AHMAPm
1223 3809 1475 3882 ι·.ΤΠΑΤΟΣ
1493 3826 1555 3880 eto.
1570 3833 1647 3898 per·

103 3919 209 3986 idaeis
231 3937 385 3988 reterens
408 3941 562 3991 monetae
578 3927 712 3992 modum
732 3947 845 4013 reape·
900 3941 999 4012 petna
1027 3924 1105 3988 inde
1127 3947 1144 3987 s
1169 3921 1311 4002 Trojano
1332 3919 1449 3983 horum
1472 3935 1648 3980 numeratu

103 4043 192 4102 aare,
223 4025 319 4108 enjus
348 4029 536 4111 exemplam
559 4030 748 4094 babemus
737 4053 772 4092 an
794 4053 844 4093 ra·
901 4027 1103 4114 epigraphe,
1133 4025 1267 4108 dempto
1288 4041 1388 4084 numo
1409 4017 1584 4082 Pescennii
1605 4017 1648 4082 e'x

103 4125 221 4190 risaimo
243 4129 490 4195 tetradrsebmo
512 4153 587 4195 naam
608 4119 714 4218 cipite
734 4133 841 4217 Nigri.
901 4153 1015 4209 eansn,
1038 4150 1134 4213 quam
1158 4125 1307 4190 diximus.
1336 4121 1417 4205 Ejus
1435 4141 1567 4189 senseat
1588 4123 1648 4182 trt-

103 4229 138 4288 ht
160 4229 307 4294 Senem
330 4233 439 4296 vietor
460 4235 688 4300 Antioohiae
678 4258 711 4297 an
735 4257 844 4299 aeson·
901 4237 1024 4298 bunion
1050 4243 1234 4316 potestate,
1265 4228 1383 4290 constal
1410 4238 1472 4288 etc
1518 4220 1647 4286 Titulus

105 4331 163 4392 lam
180 4335 299 4398 stadiis
318 4333 466 4398 ofl'enaaas
489 4338 638 4402 omnibns
656 4358 726 4403 eam
748 4339 844 4423 priai·
902 4337 959 4398 hie
980 4347 1093 4420 eaptus
1116 4353 1158 4397 ex
1178 4329 1285 4395 nnmis
1305 4325 1478 4402 Romanis,
1500 4336 1533 4386 et
1554 4335 1649 4386 reete

102 4435 191 4518 ¹²8¹ss
212 4451 249 4502 ²²
271 4439 531 4523 nstrapoteos
519 4459 592 4522 pare
614 4442 772 4526 privarit,
800 4455 847 4506 at·
903 4437 1055 4522 procedit
1085 4456 1187 4521 nsque
1222 4433 1264 4499 ad
1295 4432 1420 4498 exitum
1449 4421 1648 4490 Caraeallae.¹

92 4599 1638 4661 ἡμή-μ...-

132 4737 162 4802 s)
182 4735 218 4792 las
234 4735 397 4797 lindrinno.
452 4737 488 4812 b)
506 4735 696 4816 inssaoh054
752 4743 783 4808 c)
803 4734 1012 4814 Capitolin.in
1027 4727 1342 4800 Aurelio,Vulcot.in
1361 4721 1477 4784 Avidio.
1535 4721 1568 4796 d)
1589 4699 1657 4774 tt'e-

99 4823 215 4881 rndiara.
236 4829 570 4894 casatdssinsevero.
626 4837 656 4908 a)
676 4829 862 4909 Spartianin
878 4828 983 4888 Cerne.
1039 4823 1070 4899 ι’)
1091 4823 1120 4880 ira
1134 4818 1273 4878 Diadtsrm

156 4938 256 5014 (Vnt.
271 4939 357 5040 m')
1336 4929 1363 4988 P
1387 4949 1408 5011 Ρ
