4160 5454
414 549 487 636 266
849 478 1146 622 benevole
1188 569 1243 617 ar
1287 541 1496 614 t’ttttttt.

408 715 559 785 MTPA.
600 716 755 781 Victoria
784 715 815 780 d.
845 715 1009 779 dilectem
1039 726 1153 780 tenens
1208 711 1296 790 lum,
1318 710 1607 776 etlislaolsbelnm
1629 711 1709 778 deos
1727 711 1952 798 Palmyrenos,

324 813 327 820 ⁴
405 841 503 904 siper
518 817 705 902 columella.
726 817 863 877 tent.
886 815 1079 898 (Pellerin.)
1208 833 1346 898 queram
1370 827 1403 877 et
1427 812 1555 898 efligies
1573 829 1607 878 et
1633 816 1762 878 nomina
1781 816 1895 880 rideas
1918 816 1951 878 in

343 973 346 982 .
468 917 668 984 Pellerinius
692 935 827 981 aversae
858 930 969 1000 typum
996 916 1150 1002 allegori·
1207 935 1372 978 marmore
1397 914 1482 998 apud
1506 905 1731 998 Sponinmb),
1759 930 1816 988 aut
1841 917 1949 982 simile

406 1041 481 1086 cnm
503 1032 609 1105 putat,
632 1031 781 1104 tauquam
806 1019 977 1101 Palmyrae
1001 1019 1036 1080 in
1056 1031 1150 1101 pote·
1206 1015 1284 1099 quid
1312 1017 1432 1100 placuit
1453 1015 1655 1098 Palmyrenis
1678 1017 1714 1078 in
1736 1017 1823 1081 sotis
1846 1019 1947 1097 cultu,

403 1133 486 1186 state
515 1121 632 1186 fuisset
659 1120 877 1202 aequilibrare
907 1138 963 1183 res
998 1119 1146 1196 Romani,
1206 1115 1294 1200 quod
1311 1117 1352 1178 de
1367 1103 1545 1180 Edessenis
1560 1131 1670 1180 narrat
1685 1118 1827 1182 lulianus
1842 1121 1892 1202 e),
1914 1121 1949 1182 in

404 1243 441 1287 ac
455 1221 601 1285 Parthici
616 1221 758 1304 imperii.
800 1221 912 1284 Facile
935 1220 1062 1296 damus,
1080 1232 1148 1282 tan·
1206 1235 1320 1279 eoram
1339 1215 1441 1296 urbe,
1464 1239 1545 1304 quae
1565 1217 1605 1282 ab
1619 1231 1755 1282 aeterne
1769 1219 1841 1282 soti
1856 1240 1949 1286 mors

402 1337 471 1386 tum
491 1322 610 1387 virium
628 1321 728 1384 inisse
746 1321 968 1406 Palmyrenis,
990 1321 1050 1382 sed
1067 1340 1148 1383 non·
1203 1313 1282 1394 fuis,
1304 1321 1484 1382 Monimum
1509 1334 1544 1383 et
1565 1320 1706 1383 Asinum
1725 1319 1812 1382 Solis
1834 1335 1948 1384 contu·

402 1423 466 1486 uisi
480 1421 623 1486 Gallieni
639 1435 672 1486 et
688 1425 894 1510 aequantium
910 1423 1009 1504 impp.
1029 1435 1145 1484 aetate.
1203 1417 1356 1482 bannales
1380 1421 1594 1499 constitutos,
1615 1443 1755 1506 quorum
1773 1420 1835 1487 ille
1859 1435 1948 1487 esset

402 1523 446 1588 At
471 1543 545 1587 cnm
575 1545 692 1588 numus
716 1525 819 1588 multo
842 1523 1000 1588 remotius
1029 1543 1146 1586 aarum
1203 1521 1408 1603 Mercurius,
1430 1523 1484 1588 hic
1506 1527 1606 1590 Mars.

402 1625 576 1688 manifesto
597 1625 738 1704 indicet,
766 1645 849 1709 qno,
878 1623 1146 1708 praepotentibus
1459 1671 1479 1709 4
1565 1625 1585 1662 ¹*
1669 1673 1689 1712 „

401 1727 625 1791 Romanorum
639 1727 755 1803 rebus,
777 1739 900 1788 tautum
919 1725 1057 1788 fiduciae
1071 1727 1147 1788 Pal·
1266 1722 1389 1787 Nomos
1413 1723 1507 1790 binos
1527 1747 1647 1792 aeneos
1666 1727 1889 1809 Palmyrenis,
1910 1739 1948 1790 ut

400 1829 545 1912 myronis
564 1829 672 1893 inesse
690 1849 757 1892 non
779 1827 901 1912 potuit,
923 1841 959 1890 ut
983 1825 1145 1890 auderent
1201 1823 1324 1903 risum,
1347 1825 1451 1890 literis
1470 1831 1645 1912 inscriptas
1660 1848 1706 1892 ex
1723 1848 1836 1891 mnaso
1854 1827 1947 1892 Hun-

401 1951 438 1994 se
455 1931 625 2014 utriusque
643 1930 773 2014 imperii
790 1929 929 1993 arbitros
945 1929 1046 2005 ierne,
1062 1928 1145 1990 alius
1200 1926 1326 1990 teriano
1344 1929 1463 2006 edidit,
1486 1943 1520 1992 et
1536 1929 1703 2012 explicare
1718 1929 1852 1994 tentarit
1870 1949 1946 1993 eru·

398 2029 486 2094 band
507 2030 606 2094 dubie
628 2031 724 2112 hujus
745 2032 813 2114 typi
831 2032 1008 2116 explicatur
1027 2043 1078 2092 est
1096 2028 1146 2090 in·
1200 2023 1768 2115 ditusGosloirednsWoideAugias
1782 2026 1825 2112 d).
1848 2029 1942 2092 Sitne

399 2130 597 2216 quirendus,
616 2153 713 2216 quem
733 2153 800 2194 non
815 2131 959 2194 dubitem
979 2155 997 2194 a
1016 2129 1145 2196 zodiaci
1198 2129 1367 2213 inscriptio
1381 2151 1460 2196 rere
1472 2131 1681 2215 Palmyrena,
1697 2131 1872 2196 adfirmare
1885 2151 1942 2196 se·

398 2231 483 2296 libra
506 2232 705 2317 petendam,
728 2234 784 2318 qui
805 2233 952 2315 pluribus
970 2232 1084 2315 Syriae
1108 2241 1142 2296 et
1196 2233 1292 2296 reor.'
1320 2233 1408 2294 Istud
1429 2247 1575 2312 certum,
1598 2236 1668 2318 ejus
1686 2233 1942 2318 explicationem

396 2335 653 2418 Mesopotamiae
671 2333 806 2398 urbibus
826 2349 919 2418 typos
935 2333 1077 2398 dictavit.
1197 2331 1344 2412 ejusdem
1366 2354 1439 2398 esse
1457 2351 1590 2400 naturae
1611 2357 1685 2400 cum
1703 2357 1762 2412 ea,
1784 2356 1847 2420 qua
1867 2355 1942 2398 eru·

461 2435 573 2520 Capita
594 2437 716 2500 radiata
735 2450 861 2499 certum
879 2435 965 2498 Solis
984 2434 1139 2502 indicium
1197 2429 1282 2495 ditos
1303 2435 1409 2498 varios
1435 2437 1468 2498 in
1484 2437 1685 2522 explicandis
1707 2437 1815 2501 nemis
1834 2432 1941 2500 Placa-
1978 2465 1986 2476 ·

396 2535 540 2614 iaciunt,
576 2539 670 2622 cujus
703 2537 837 2600 celebre
869 2537 1025 2619 templum
1051 2536 1140 2622 apud
1195 2532 1289 2597 uiciis
1307 2555 1383 2598 usos
1406 2521 1564 2606 dicemus.

392 2635 578 2719 Palmyram
618 2638 747 2701 stetisse
790 2650 928 2700 testatas·
965 2637 1138 2720 Vopiscus.
1259 2638 1340 2702 ΛΕ.
1365 2641 1500 2708 iililili.

395 2737 495 2829 Quod
517 2759 599 2804 sero
622 2739 716 2822 plura
737 2751 827 2815 snut,
858 2737 978 2815 credo,
1001 2739 1040 2801 iis
1062 2759 1138 2822 pro·

392 2839 473 2920 poni
491 2837 586 2902 adad
604 2853 638 2903 at
655 2839 843 2922 Atargatin,
872 2859 932 2902 seu
950 2839 1080 2918 Solem,
1102 2853 1136 2906 et

393 2941 550 3016 Terram,
569 2961 651 3025 qnos
669 2940 796 3004 eslictoe
814 2941 920 3024 capite
939 2923 1081 3018 radiato,
1101 2955 1136 3005 et

392 3059 456 3123 par
472 3039 558 3104 hunc
577 3054 716 3107 tractum
736 3042 856 3106 eximie
879 3041 984 3106 cultos
1004 3041 1133 3126 prolixe
1255 3044 1382 3108 Horum
1399 3065 1514 3109 numos
1533 3064 1653 3130 quaere
1670 3045 1706 3109 in
1727 3059 1857 3112 moneta
1870 3048 1936 3108 tlu-

298 3209 302 3216 ,
392 3138 493 3206 docet
512 3143 698 3240 Marabius
721 3147 773 3227 ¹),
803 3144 867 3210 nisi
888 3143 981 3210 melis
999 3127 1134 3234 'Aglibc-
1189 3157 1379 3229 gestorum,
1401 3159 1436 3212 ct
1451 3147 1606 3234 Aegypti.

1358 2879 1544 2974 'Principes
1564 2883 1753 2966 Palmyrae.

603 3769 606 3778 .
706 3699 1134 3794 SELEVCIS
1197 3725 1241 3776 Et
1302 3705 1608 3793 PlERlA.

615 4054 750 4122 Fratres
767 4058 894 4140 populi.
1185 4022 1384 4134 dmm,
1411 4059 1506 4128 ΛΞΡ.
1552 4063 1706 4135 Fulmen,
1738 4029 1859 4146 omnia
1873 4059 1923 4122 irs·

384 4205 567 4318 Nimirum
582 4251 827 4322 ΑΔΕΛΦΩΝ
855 4255 1039 4326 ΔΗΜΩΝ
1068 4283 1127 4326 uu·
1183 4165 1423 4340 gssgssifflm·
1464 4165 1534 4229 ΔΕ·
1550 4165 1607 4230 ω.
1639 4163 1761 4246 (Hm
1781 4163 1819 4229 Τ.
1834 4162 1859 4225 ¹·
1886 4177 1920 4243 P·

384 4361 528 4418 tonomis
549 4355 752 4440 inscriptum.
827 4301 842 4326 ,Ι
1041 4305 1051 4327 ⁶
1217 4306 1227 4326 ι
1252 4266 1360 4428 Aiius
1388 4369 1478 4450 typis
1503 4368 1698 4450 Appoliinis
1718 4377 1752 4426 ct
1772 4361 1923 4444 tripodis·

420 4499 425 4508 ·
452 4457 563 4537 Caput
587 4457 678 4521 Iovis
699 4460 786 4520 laur.
815 4456 840 4520 ἲ
869 4455 1125 4528 AAEA‘l‘ssN.
1182 4467 1251 4538 ΔΕ.
1269 4468 1324 4528 111.
1346 4469 1491 4549 (Hunler
1508 4469 1574 4532 tab.
1593 4469 1662 4548 48.)

381 4681 448 4822 val)
461 4677 581 4824 eptam.
600 4681 633 4737 L.
650 4683 671 4741 1.
691 4702 717 4742 c.
734 4695 779 4748 te.
871 4685 906 4758 is)
926 4685 1101 4766 Miscell.p.
1121 4702 1145 4748 t.
1238 4692 1268 4762 c)
1290 4689 1373 4748 Orat.
1394 4691 1423 4748 in
1445 4689 1554 4751 Solem.
1649 4693 1683 4765 d)
1704 4687 1922 4768 trebesotori·

412 4783 449 4819 o.
504 4782 637 4841 .p.1so.
