4212 5462
418 559 467 630 tt
614 539 618 546 “
1075 541 1311 617 cintcta.
1499 539 1507 562 ·

481 717 571 779 llaec
603 712 728 798 epocha
761 701 985 776 communibus
1019 714 1162 798 6611666-
1278 746 1295 762 -
1314 745 1328 764 ι
1347 745 1361 760 -
1382 705 1965 782 MHTnon.eT.1e1³.oATM.

418 819 542 882 riorum
563 815 726 898 suffragiis
745 837 801 878 666
820 816 975 878 hactenns
996 816 1075 878 sede
1092 829 1161 878 tutu
1221 810 1321 878 ΘΖΟ.
1344 811 1501 874 Bocchus
1518 835 1544 874 s.
1563 813 1713 896 tlrjrsurn
1727 816 1855 892 jacenti
1871 818 1966 882 1666ιί

419 921 542 984 turbari
564 918 674 1002 coepit
695 940 712 980 a
733 919 930 982 Mazzoleno
953 920 1003 1000 ¹¹),
1036 917 1092 1002 661
1120 935 1161 982 ex
1216 917 1399 998 6666166666
1417 915 1558 992 insidet,
1585 917 1619 978 in
1637 917 1962 981 unmo‘Etrasoillue.

418 1023 554 1105 Haymio
571 1022 703 1084 citatum
723 1039 821 1102 supra
835 1020 1007 1086 Volusiani
1027 1041 1159 1082 numum
1219 1018 1289 1080 ΔΕ.
1307 1017 1332 1080 l.
1348 1017 1453 1097 (Mus.
1467 1016 1584 1101 Cass.)

418 1147 491 1190 com
510 1144 595 1187 anno
614 1123 683 1186 OC.
706 1121 874 1204 produxit,
900 1123 955 1205 qni
976 1121 1103 1183 additus
1123 1123 1164 1184 ad
1284 1099 1633 1202 Vtrumqus‘numum
1662 1139 1764 1183 cansa
1801 1122 1964 1205 epochae,

418 1228 632 1308 66666736.
656 1223 789 1286 exhibet
811 1244 927 1285 annum
948 1223 992 1288 V.
1008 1225 1046 1284 G.
1070 1233 1161 1299 6666.
1220 1220 1502 1304 et'inscriptionis
1531 1221 1706 1304 singularis
1728 1222 1816 1285 edidi
1836 1225 1869 1285 iu
1891 1229 1984 1288 mea'

418 1331 451 1390 in
474 1329 565 1410 cujus
587 1341 741 1390 autumno
763 1325 870 1388 exiret
898 1346 1000 1387 66666
1024 1325 1164 1388 Anazar·
1218 1323 1357 1406 Sylloge
1376 1325 1400 1383 l·
1426 1343 1460 1407 P·
1476 1331 1529 1398 li·
1561 1324 1711 1386 Priorem
1737 1324 1800 1406 jam
1823 1326 1968 1410 vulgarit

418 1431 567 1494 bensium
592 1429 668 1505 OC,
700 1447 759 1492 666
784 1443 858 1507 676.
898 1427 1022 1493 Verum
1049 1447 1163 1490 secun-
1221 1424 1406 1488 Futilichius
1429 1425 1477 1505 α),
1504 1423 1561 1486 sed
1581 1423 1717 1486 histum
1738 1429 1901 1509 peccavit,
1928 1450 1966 1492 66

419 1531 495 1594 dum
513 1530 735 1595 adcurstiores
753 1529 975 1614 chronologos
989 1531 1108 1591 saltem
1128 1531 1162 1590 in
1220 1527 1360 1610 primum
1382 1525 1513 1611 quidem
1534 1526 1677 1611 legendo
1693 1525 1789 1598 ΖΞΟ.
1810 1528 1881 1612 667.
1901 1551 1965 1613 pro

416 1633 597 1700 Novembri
627 1634 722 1716 hujus
756 1631 832 1694 anni
863 1645 1028 1714 superstes
1058 1631 1162 1693 adhuc
1222 1629 1322 1694 ΘΖΟ.
1345 1629 1416 1712 666.
1458 1629 1585 1690 Statuto
1608 1630 1713 1706 enim,
1744 1631 1892 1714 coepisse
1914 1653 1967 1695 ae·

417 1735 480 1808 fuit
505 1735 637 1800 Decius.
665 1736 767 1818 Ergo·
783 1733 908 1818 epocha
932 1733 1095 1796 Anazurhi
1115 1747 1163 1795 tu·
1221 1751 1291 1810 ram
1319 1730 1481 1794 Anasarhi
1508 1733 1548 1798 V.
1572 1731 1608 1793 C.
1636 1733 1729 1814 736,
1759 1755 1861 1796 annus
1891 1734 1964 1816 667.

418 1839 482 1899 tius
502 1837 541 1900 ab
559 1856 642 1900 6666
659 1835 732 1916 735.
752 1833 954 1917 suspicanda.
983 1836 1078 1900 Addo
1106 1857 1164 1898 uu·
1222 1831 1322 1894 exibit
1344 1833 1377 1892 iu
1400 1845 1553 1894 autumno
1575 1833 1615 1900 V.
1636 1833 1671 1895 C.
1699 1853 1789 1900 soor.
1831 1835 1872 1896 ht
1897 1849 1966 1898 tum

419 1959 508 2002 mum
539 1937 699 2000 Herennii
732 1957 806 2000 cum
837 1958 921 2000 anno
953 1933 1066 2014 Hic,
1107 1939 1163 2023 qui
1221 1935 1366 2018 Philippi
1406 1935 1587 2018 imperinm
1630 1934 1736 1998 sdhuo
1780 1935 1964 2000 ohtiuuere.

418 2042 507 2104 idem
530 2037 659 2122 probet.
689 2039 771 2100 Nam
790 2039 817 2100 si
833 2038 959 2101 initium
983 2061 1080 2104 aerae
1103 2053 1163 2104 sta·
1222 2035 1332 2132 Quone
1354 2037 1574 2100 necessarium
1598 2036 1659 2117 jam
1683 2030 1967 2102 6166616611ῑό-

419 2155 528 2206 tuetur
545 2163 645 2205 66666
662 2141 703 2208 V.
722 2139 758 2205 C.
774 2141 847 2224 736.
870 2163 972 2205 66666
989 2141 1080 2204 numi
1097 2141 1164 2203 exi·
1221 2137 1338 2215 lichi0‚
1355 2139 1412 2232 ,⁸⁶
1440 2138 1674 2203 conciliandam
1703 2154 1887 2223 temporum
1915 2161 1970 2202 ra·

418 2243 468 2308 hit
484 2246 516 2306 in
533 2255 686 2306 autumno
701 2250 796 2317 6666.
817 2244 859 2304 At
875 2255 1016 2321 constat,
1032 2242 1165 2306 inchoa·
1219 2241 1345 2304 tionem
1379 2261 1475 2306 acrae
1510 2241 1638 2304 initium
1676 2241 1710 2302 in
1745 2241 1965 2324 annum736.

419 2361 453 2410 to
473 2347 543 2428 ejus
561 2345 635 2408 anui
655 2349 808 2408 antumu'o
828 2345 1037 2428 superstitem
1057 2345 1163 2408 6611666
1220 2343 1410 2421 retrahere,
1449 2343 1537 2430 qood
1566 2343 1704 2420 deinde,
1741 2357 1779 2406 ut
1808 2342 1965 2418 vidimus,

414 2450 521 2514 foisse
541 2443 741 2528 Philippum.
1219 2445 1343 2529 placuit
1364 2446 1560 2508 Mazanleno
1590 2463 1720 2529 666666
1749 2459 1784 2507 et
1811 2443 1964 2526 Belleyo.

484 2549 600 2610 Tutius
618 2567 699 2629 ergo
720 2567 761 2608 ex
781 2561 891 2609 mente
906 2547 1095 2610 Mausolum
1112 2567 1164 2610 re·
1223 2545 1291 2608 Sed
1311 2566 1419 2628 neque
1442 2547 1488 2609 sic
1509 2546 1638 2610 sublsta'
1656 2546 1759 2608 omnia
1778 2545 1964 2609 difficultas.

421 2663 572 2716 movetur
601 2647 726 2732 epocha
756 2649 790 2709 in
821 2669 938 2712 annum
970 2662 1161 2734 sequentem
1220 2649 1302 2711 Num
1322 2635 1462 2712 admisso
1480 2649 1576 2712 etism
1593 2649 1779 2732 posteriore
1797 2647 1860 2712 hcc
1875 2649 1967 2732 prin·

420 2753 509 2836 735„
546 2770 644 2834 quem
674 2765 852 2835 sequuntur
882 2751 978 2814 etiam
1006 2750 1163 2833 Belleyus
1220 2749 1307 2833 cipio
1323 2771 1423 2814 66666
1440 2751 1513 2833 667.
1530 2751 1631 2815 exivit
1647 2749 1681 2811 iu
1702 2763 1854 2814 autumno
1871 2751 1914 2816 V.
1927 2749 1964 2812 C.

420 2867 455 2917 et
475 2851 684 2916 Pellerinins.
718 2851 877 2935 ι66116666
893 2851 994 2934 :hujus
1013 2853 1162 2936 epochae
1225 2871 1332 2924 6666..
1372 2867 1404 2914 66
1442 2867 1584 2931 constat,
1623 2851 1823 2936 superfuisse
1858 2851 1966 2914 adhuc

421 2975 548 3020 cansam
580 2954 620 3016 66
652 2951 785 3030 eadem,
825 2975 921 3038 quam
952 2966 1047 3016 antea
1075 2952 1188 3032 dixi„
1220 2953 1391 3037 Philippos
1411 2969 1484 3037 post
1502 2955 1686 3018 inchoatum
1705 2953 1801 3038 hujus
1817 2953 1892 3017 suni
1912 2975 1968 3016 66-

421 3056 559 3140 Augusti
595 3056 630 3116 in
658 3053 776 3118 ,0111616
812 3055 1087 3132 commoratione,
1130 3069 1164 3118 et
1220 3069 1379 3122 tumnum.
1415 3055 1468 3117 Ad
1503 3055 1741 3120 conciliandum
1776 3075 1857 3138 crgo
1889 3075 1967 3144 cum

421 3156 595 3240 impertitis
619 3169 689 3218 tum
716 3155 884 3220 6666116116
906 3158 1045 3241 repetit,
1075 3157 1164 3242 quod
1218 3158 1317 3220 'Decii
1336 3159 1537 3242 temporibus
1554 3171 1762 3242 praetensum
1779 3157 1866 3220 hunc
1883 3157 1967 3218 Fro-

421 3261 484 3322 etsi
512 3257 632 3321 factum
658 3259 701 3326 V.
724 3257 762 3324 C.
790 3259 883 3342 736,
919 3273 1026 3323 tamen
1056 3259 1164 3322 existi·
1221 3259 1312 3322 lichii
1333 3281 1452 3322 annum
1474 3279 1612 3323 necesse
1632 3259 1693 3321 fait
1713 3259 1909 3340 6166661666
1933 3271 1968 3320 et

421 3373 521 3450 mut,
539 3359 772 3446 666116666666
800 3381 841 3424 66
873 3361 1047 3446 privilegia
1078 3382 1163 3424 auno
1217 3361 1359 3444 Bellepo
1388 3363 1474 3424 66616
1504 3361 1706 3426 comminisci
1735 3361 1875 3444 effugis,
1906 3357 1967 3420 sed

421 3461 552 3526 demum
576 3475 734 3545 sequente
756 3483 775 3524 a
796 3475 910 3524 senatu
937 3463 1161 3547 comprobata,
1219 3463 1321 3526 irrito·
1341 3483 1418 3525 6666
1447 3463 1572 3528 labore.
1588 3489 1597 3500 ·
1616 3466 1653 3526 lu
1680 3485 1731 3527 66Ι
1750 3465 1838 3528 enim
1864 3483 1966 3528 numo

422 3575 518 3650 etque
558 3563 598 3626 ah
635 3583 676 3626 eo
714 3584 815 3627 anuo·
836 3563 1007 3628 ‹ledumm
1041 3586 1160 3630 aeram.
1220 3583 1302 3638 666,
1336 3563 1424 3648 quod
1448 3566 1636 3630 Froliohi'us
1663 3565 1809 3649 scripsit,
1841 3565 1966 3649 legitur

420 3667 473 3728 Ex
500 3663 667 3750 analogice
690 3667 765 3748 lege
787 3665 895 3749 arguit
918 3667 1034 3744 etiam,
1062 3667 1162 3731 urbes
1221 3661 1321 3742 ΖΞΟ,
1350 3663 1409 3728 sed
1430 3663 1537 3743 ΘΖΟ,
1568 3667 1653 3750 quod
1682 3669 1743 3750 jam
1772 3667 1900 3750 pridem
1931 3667 1965 3726 in

420 3769 542 3832 sicinus
571 3765 775 3832 Antiochism
805 3769 846 3831 sd
876 3767 1011 3844 Sarum,
1037 3781 1076 3831 et
1106 3771 1164 3834 Se·
1215 3768 1376 3851 Catalego
1403 3769 1508 3831 musei
1525 3769 1680 3832 Caessrei
1706 3767 1968 3834 6666666611τὸ-

404 3863 536 3934 ¹hasten
568 3869 608 3932 ah
639 3865 757 3932 eodem
783 3889 870 3934 suno
898 3871 972 3952 735.
1004 3871 1162 3955 epocham
1219 3869 1355 3931 lichiam
1391 3871 1511 3934 monui.
1564 3871 1774 3934 Confirmatis
1807 3871 1966 3954 judicium

421 3970 592 4034 inchoasse
611 3969 656 4052 b).
1222 3991 1329 4034 meum
1359 3993 1475 4034 numus
1505 3971 1611 4034 musei
1640 3972 1876 4054 Theopoliuni,
1908 3973 1967 4054 qui

483 4069 689 4134 Memorandi
706 4067 857 4133 hocloco
871 4071 961 4132 numi
974 4085 1163 4156 sequentes:
1221 4073 1309 4134 idem
1331 4091 1465 4154 prorsus
1493 4088 1544 4136 est
1570 4095 1644 4138 oum
1667 4073 1897 4149 Frdlichisnc,
1931 4086 1968 4134 et

488 4167 784 4256 ΑΝΑΖΑΡΒΟΤ.
817 4169 1041 4239 ΕΝΔΟΞΟΤ.
1073 4171 1165 4236 ΜΗ·
1221 4174 1277 4262 661
1295 4173 1417 4238 diserte
1435 4195 1552 4239 annum
1573 4173 1674 4242 ΘΖΕ.
1693 4177 1854 4241 enunciat.
1878 4175 1967 4269 Qua·

422 4267 593 4336 TPOIIO.
607 4265 638 4336 Γ
639 4317 648 4336 .
661 4265 692 4334 Γ
693 4317 701 4334 .
720 4269 790 4336 GT.
807 4269 957 4341 ICPOT.
975 4271 1162 4340 ΟΛΤΜΠ.
1219 4295 1257 4339 re
1287 4287 1410 4339 tentum
1439 4278 1547 4355 abest,
1579 4291 1615 4340 ut
1641 4277 1695 4341 hio
1722 4271 1819 4342 Decii
1845 4299 1967 4340 numus

423 4368 524 4438 ΘΖΕ.
549 4371 713 4457 'Quinque
738 4393 844 4435 urnae
870 4375 1024 4438 ludorum
1043 4381 1164 4460 promi-
1219 4377 1968 4462 6666166666666666666666666735.6166-

423 4477 577 4542 nectibus
591 4475 731 4558 palmis,
753 4473 786 4536 iu
803 4493 902 4540 ccmo
919 4476 1026 4541 Decii.
1048 4479 1119 4546 ΑΕ.
1135 4481 1161 4545 1.
1218 4491 1271 4541 tae
1289 4479 1496 4559 adversetur,
1520 4496 1556 4545 ut
1569 4483 1606 4546 ei
1627 4483 1725 4546 etiam
1743 4479 1841 4545 facile
1856 4501 1895 4544 66
1911 4501 1968 4548 ee-

416 4581 523 4660 ,(6166.
540 4579 649 4660 Cres.)
1219 4581 1416 4647 commodet.

460 4787 490 4858 6)
511 4783 647 4841 hnimsd.
663 4785 694 4842 in
706 4805 790 4844 uum.
806 4782 1021 4864 1116666466.
1095 4789 1130 4861 6)
1150 4787 1171 4844 1.
1182 4807 1207 4847 6.
1224 4791 1327 4866 pata.
1403 4799 1433 4864 c)
1453 4791 1600 4852 16666.
1616 4801 1720 4867 66316.
