4286 5478
557 569 702 662 nunu
735 585 1065 661 entuotrutu
1094 585 1373 661 tvnuean.
1663 609 1734 693 ιρι

193 751 349 816 Heroden
370 765 465 836 pater
484 753 573 837 jtaxta
598 773 733 838 specum
753 754 890 818 Panium
907 753 942 818 in
1000 753 1157 820 ordinatis
1179 758 1316 822 Romam
1334 759 1455 838 redux,
1478 761 1554 826 duna
1573 763 1745 830 Claudium

193 853 522 942 engrati-bonorem
542 857 669 920 atruxit.
844 881 848 888 ·
999 854 1033 916 ia
1058 855 1236 920 obtinendo
1260 859 1401 944 imperio
1429 877 1581 946 prompte
1606 865 1746 948 adjuvat,

257 955 363 1018 Primi
382 957 507 1020 aunthi
523 955 820 1042 principialudaici
839 955 940 1034 naam,
998 956 1095 1040 ltujue
1127 957 1291 1022 beneficio
1319 973 1469 1025 veterem
1507 963 1664 1028 ditionem
1694 967 1747 1030 ln·

193 1055 253 1140 qni
270 1053 419 1140 effigiem
437 1059 631 1144 insculptam
651 1057 825 1135 exhibent,
848 1057 940 1139 cujus
998 1056 1118 1135 dacae,
1144 1059 1331 1138 Samariae,
1363 1061 1479 1125 Abilae
1504 1047 1744 1132 acceaaionibna

192 1157 295 1240 plura
322 1157 479 1243 deinceps
510 1160 662 1244 exempla
701 1158 822 1222 dabam
849 1155 940 1218 numi
997 1173 1105 1241 auget.
1141 1159 1273 1223 Exactia
1290 1161 1381 1224 annia
1398 1164 1574 1248 regniVll.
1596 1167 1744 1244 moritur,

192 1256 417 1341 Agrippaelb
460 1259 529 1322 Sed
545 1259 726 1325 verisimile
750 1271 817 1335 eat,
839 1258 941 1322 Grae·
997 1260 1063 1322 anie
1093 1273 1229 1344 propter
1257 1261 1422 1326 adfectum
1449 1266 1482 1326 in
1505 1267 1599 1350 legen
1625 1269 1746 1351 patrina

193 1376 251 1420 coa
277 1359 328 1422 bia
359 1361 560 1444 principibua
588 1359 811 1444 coniectante
836 1379 940 1443 genua
997 1361 1134 1424 multum
1157 1363 1402 1426 commendatae
1426 1363 1467 1434 V.
1487 1367 1522 1428 G.
1542 1388 1623 1450 797,
1644 1371 1682 1433 P.
1702 1371 1745 1433 X.

191 1479 309 1522 numne
332 1459 503 1525 leniundoa
523 1482 666 1528 carneae.
709 1462 843 1525 Conatat
869 1482 939 1545 paa·
996 1471 1050 1538 44.
1094 1465 1267 1542 (locabat.
1285 1467 1324 1528 L.
1342 1463 1432 1535 XIX.
1454 1467 1523 1534 aa.
1548 1464 1621 1554 §.m
1646 1472 1744 1540 Philo

192 1562 255 1623 aim
276 1581 318 1624 ex
333 1563 466 1649 Ioeepbi
483 1563 574 1626 belle
591 1562 741 1641 ludaico,
764 1562 860 1647 bujna
877 1576 940 1626 tra·
997 1563 1039 1628 de
1056 1563 1173 1648 Legat.
1196 1563 1237 1629 ad
1258 1566 1400 1651 Caium.)

191 1675 264 1726 etua
294 1663 433 1728 arbeae
459 1665 594 1728 Graecia
619 1661 786 1730 habitatae.
832 1663 941 1760 Quan-
1279 1653 1282 1660 ⁴

192 1785 288 1849 qaam
308 1779 437 1830 coartet
456 1765 741 1843 etiam‚,ludaicoa
760 1787 876 1850 reges,
897 1787 940 1829 ex

192 1887 258 1950 qno
274 1868 431 1930 Romania
446 1866 582 1930 obnoxii
596 1887 669 1930 eece
684 1887 843 1952 coepere,
863 1887 947 1932 cum

190 1967 321 2052 legibue
339 1969 406 2032 ania
426 1969 741 2034 laxiuacohaeaieae.
773 1971 937 2055 Exemplo
1058 1969 1739 2058 eaputeattgutae.tthttEAPE1nE.

191 2081 283 2144 amo,
304 2071 474 2134 Herodem
491 2073 538 2136 Μ.
556 2073 678 2155 templa
696 2071 843 2155 Augusto
861 2091 938 2136 con·
995 2067 1204 2138 emor.
1245 2069 1481 2142 ΑΠΡΙΠΠΑ.
1516 2071 1739 2142 ΒΑΣΙΛΕΤ.

191 2169 340 2249 didiaae,
380 2170 500 2235 deinde
533 2173 704 2237 Herodem
738 2173 936 2237 tetrarcham
995 2175 1058 2238 Vir
1073 2185 1210 2256 togatus
1220 2188 1316 2238 stans
1328 2179 1359 2239 d.
1372 2179 1526 2240 chartam
1542 2169 1739 2244 inuolutam.

191 2272 370 2338 ¹liberiado
409 2273 542 2338 domum
594 2297 685 2338 auam
726 2276 936 2340 animantium
992 2273 1114 2338 emta.
1138 2275 1252 2358 (Veill.
1270 2277 1367 2342 Num.
1386 2277 1503 2344 Graec.
1525 2300 1559 2363 p.
1580 2275 1661 2362 ιι,)’

189 2375 291 2458 aignia
327 2395 529 2453 exornatae,
562 2375 668 2439 aerina
695 2390 874 2460 propterea
895 2377 936 2440 ab
1055 2373 1547 2448 Kaffinmttssazrnz.
1582 2381 1629 2442 lE
1658 2415 1673 2430 -
1694 2413 1708 2432 ·
1728 2415 1742 2430 ·

189 2477 281 2540 iratia
306 2475 433 2540 ludaeia
453 2477 639 2555 incenaam,
667 2491 703 2540 ut
724 2477 830 2541 rescrt
849 2481 937 2544 lone·
996 2478 1106 2556 Caput
1145 2478 1321 2562 Caligulae
1362 2481 1449 2544 laur.
1510 2474 1740 2547 ΞΒΑΣΙΛ.

189 2577 274 2662 plana
296 2577 330 2638 in
350 2579 426 2644 Vita
448 2601 508 2642 aua
527 2599 599 2662 cap.
624 2599 672 2644 aa.
716 2578 847 2674 Quanto
875 2593 935 2644 atae
994 2575 1219 2646 APPIIIHA.
1241 2575 1283 2646 Γ.
1328 2583 1487 2661 Princeps
1508 2603 1580 2644 cum
1608 2596 1738 2664 sceptro

189 2691 317 2744 tuarum
346 2679 470 2764 populo
502 2681 631 2766 antiqua
652 2679 816 2745 clarorum
837 2679 936 2746 artili·
991 2681 1028 2742 in
1057 2678 1160 2744 lautia
1195 2681 1379 2764 quadrigis.
1421 2685 1492 2746 ΑΕ.
1512 2685 1551 2748 ll.
1586 2683 1738 2766 (Fratioh

189 2801 265 2848 enm
288 2781 488 2866 exemplaria
518 2781 711 2846 imitantium
732 2784 877 2867 Agrippa
893 2783 937 2861 11,
991 2781 1068 2844 Not.
1097 2780 1195 2846 elem.
1225 2781 1289 2848 tab.
1306 2783 1379 2844 XX.
1413 2804 1446 2850 n.
1471 2807 1520 2852 ao.
1550 2805 1591 2850 ex
1621 2804 1736 2866 annaeo

188 2885 383 2948 Caeaaream
398 2885 542 2970 Philippi
563 2883 841 2970 frequentaverit,
862 2905 936 2948 nar·
993 2883 1218 2968 Sarorguam)

188 3001 240 3054 rat
256 2985 416 3074 loaepbna
431 2991 482 3069 ¹).
1054 2985 1195 3046 Numum
1212 2984 1360 3068 priorem
1372 2986 1566 3052 Vaillantiua
1583 3002 1617 3051 ct
1630 2989 1738 3051 Futili·

991 3085 1084 3148 ebiue
1095 3087 1274 3148 Caesareae
1284 3087 1486 3150 Palaeatinae
1502 3088 1662 3170 signatum
1685 3089 1739 3151 ad·

274 3225 558 3298 numeret
611 3223 850 3295 MONW
990 3199 1114 3264 nerunt,
1127 3185 1385 3268 eedpcrperam,
1398 3200 1435 3248 ut
1447 3187 1587 3264 videtur,
1602 3190 1737 3254 exbinia

559 3271 568 3294 ⁰
830 3269 847 3292 ⁹⁷
990 3287 1113 3364 musis,
1129 3289 1155 3348 1.
1168 3287 1257 3374 quad
1273 3287 1455 3370 imperante
1467 3289 1629 3373 Caligula,
1645 3291 1737 3374 eujua

249 3395 557 3460 llatnaAriatobulo
574 3393 780 3460 HerodiabL
806 3389 877 3454 filio
898 3402 932 3456 et
990 3389 1214 3474 oaputantiee
1233 3388 1387 3464 exhibet,
1407 3390 1595 3469 Samaritia,
1622 3393 1656 3453 in
1674 3376 1737 3476 que
1779 3417 1783 3431 .

184 3497 361 3562 Berenice.
385 3499 490 3561 Caeco
505 3511 596 3581 patre
614 3516 690 3562 cum
708 3507 810 3558 matre
823 3507 932 3558 octen-
969 3491 1050 3554 ‘aita
1062 3495 1221 3556 Caeaerea
1234 3490 1458 3570 Palaestinae,
1475 3493 1642 3578 Agrippae
1656 3515 1737 3558 non·

186 3598 239 3662 nie
256 3601 395 3662 Romam
417 3598 587 3684 proiectae
608 3613 641 3662 et
663 3597 697 3658 in
722 3596 794 3660 aula
805 3593 932 3671 edoca-
990 3591 1067 3656 dum
1091 3593 1216 3676 paruit,
1245 3593 1315 3676 eiua
1334 3591 1451 3656 ditioni
1479 3595 1584 3658 aeriua
1609 3593 1737 3658 Claudii

184 3711 238 3764 tua
263 3701 430 3783 paullatim
460 3699 648 3784 profatur-aa
679 3697 742 3760 aibi
775 3697 933 3762 amicitiae
988 3693 1152 3760 beneficio
1168 3693 1313 3775 adjecta,
1339 3707 1374 3756 ut
1393 3693 1515 3758 diserte
1534 3693 1633 3758 tradit
1648 3701 1735 3762 loac-

184 3801 359 3868 oontraxit.
404 3802 586 3885 Caligulam
625 3797 713 3884 quod
752 3799 931 3884 impenaiua
988 3797 1073 3884 phua
1089 3794 1132 3878 ¹¹).
1174 3795 1215 3858 ll.
1238 3793 1327 3880 quod
1348 3794 1508 3862 Caeaaree
1530 3798 1734 3864 Palaestinae

184 3903 334 3980 celaret,
355 3924 374 3968 a
394 3901 531 3966 Tiberio
553 3916 703 3966 extremo
724 3899 856 3985 imperii
875 3921 931 3965 an·
986 3917 1151 3984 nunquam
1160 3897 1399 3962 aeaeinnamia
1410 3900 1541 3982 asylum
1552 3897 1644 3966 dixit.
1659 3901 1734 3965 Erit

182 4023 228 4066 na
251 4003 420 4085 conjectae
439 4004 473 4066 in
491 4002 639 4080 vincula,
661 4002 719 4066 aed
738 4003 801 4068 hoc
818 4003 931 4087 paullo
988 4001 1271 4084 argo-Caesareae
1286 3998 1456 4076 Sebastos,
1473 4019 1555 4085 quae
1571 4003 1733 4066 etPaniaa

182 4113 259 4186 paat
286 4119 420 4168 mortuo
443 4125 509 4168 non
534 4103 719 4168 libertatem
748 4103 847 4169 modo
873 4125 934 4171 vo-
988 4101 1092 4179 dicta,
1106 4097 1734 4192 conditaanilippotetrarcbaAgrip·

182 4205 274 4270 lente
299 4205 473 4290 Caligula,
505 4206 573 4269 aed.
593 4219 628 4270 et
647 4206 755 4292 patrui
775 4207 930 4293 Philippi,
987 4225 1050 4292 pae
1066 4201 1321 4286 noatripatnuo,
1336 4201 1428 4284 caina
1442 4199 1599 4270 ditionem
1614 4228 1633 4271 a
1649 4207 1734 4270 Cali-

182 4325 218 4376 et
242 4307 405 4392 Lynniw
441 4306 637 4372 tetrarchiae
673 4309 768 4392 regio
795 4309 930 4374 nomine
987 4306 1065 4391 gula
1089 4304 1198 4391 primo
1229 4301 1361 4387 imperii
1388 4305 1438 4366 ani
1458 4326 1543 4370 anno
1564 4310 1733 4394 Agrippae

182 4411 319 4498 adeptae
335 4423 405 4486 eat,
425 4407 551 4493 adjecta
567 4429 633 4472 non
654 4411 757 4473 multo
775 4424 850 4494 poet
864 4411 931 4474 Aa·
986 4408 1082 4493 regia
1098 4406 1230 4471 nomine
1247 4404 1439 4490 permiaaam
1465 4405 1554 4470 idem
1574 4409 1732 4493 loaepbua

1293 1805 1446 1873 Numi.-

181 4515 269 4599 tipee
289 4515 322 4576 in
344 4511 479 4576 exilium
498 4509 587 4573 miaai
606 4511 792 4576 tetrarchia.
835 4513 929 4598 Ergo
987 4511 1234 4594 auctorante),
1256 4522 1393 4596 atquae
1416 4507 1731 4577 docentibnanumia

180 4616 216 4678 in
244 4615 418 4680 Orientem
459 4613 650 4698 proiectus,
687 4611 853 4698 rcbuaque
883 4613 930 4676 ibi
987 4613 1059 4678 aliie
1077 4625 1266 4680 conatantcr
1284 4631 1358 4674 aeae
1378 4609 1459 4673 dixit
1481 4613 1622 4696 asylum.

217 4829 248 4900 a)
266 4829 334 4886 an.
354 4827 387 4886 L.
402 4825 465 4882 xx.
487 4845 512 4885 c.
527 4838 555 4900 9·
574 4829 600 4898 a
617 4835 646 4890 a.
719 4825 754 4901 a)
774 4827 844 4884 nna.
864 4823 898 4882 u.
911 4823 990 4882 xix„
1011 4835 1076 4888 ee.
1096 4823 1121 4896 t·
1137 4835 1159 4884 t.
1234 4823 1266 4894 c)
1286 4819 1407 4880 nxtx.
1428 4839 1455 4876 e.
1472 4830 1499 4882 a.
1519 4821 1542 4894 t.
1559 4831 1586 4885 s.

1345 4909 1495 5006 Quae
