4160 5454
534 553 745 668 nesus·
771 543 1216 628 carrauoctas.·
1565 527 1633 655 iar

107 727 244 791 evincere
271 721 443 798 rideatur,
473 744 548 786 eura
573 723 612 788 sd
636 723 831 788 Ariarathen
889 722 948 786 illo
981 722 1068 788 ricto
1107 722 1244 806 pecunia
1277 723 1634 792 multatus·amieitiam

108 831 172 904 ttt,
201 825 253 891 rel
284 847 386 888 naum
422 825 563 910 aliquem
593 846 635 889 ex
674 827 832 911 proximis
890 821 1047 908 deinceps
1063 844 1136 889 cum
1154 827 1310 888 Romanis
1328 826 1443 892 colaia*
1474 829 1511 890 ln
1529 831 1633 894 lilium

107 925 332 996 accessoribus
354 931 534 1013 pertinere.
557 929 748 998 Verisimile
764 947 832 990 non
890 910 983 990 suurn
1013 941 1102 990 tanta
1137 927 1306 990 serebatur
1331 947 1471 1006 amore,
1515 945 1551 994 at
1579 953 1633 996 re·

107 1049 162 1108 est,
181 1031 306 1116 priores
324 1029 408 1094 daos
425 1031 631 1108 Ariarathes,
655 1033 831 1095 Persarum
890 1048 990 1112 gnum
1012 1028 1103 1092 rivas
1134 1030 1256 1092 cedere
1286 1029 1355 1092 lilio
1382 1046 1544 1115 cuperet,
1573 1033 1633 1096 sed

107 1135 177 1200 laad
199 1131 295 1195 dubie
322 1133 480 1221 religioni
505 1133 770 1218 addictos,quia
792 1132 833 1196 ab
888 1143 1077 1192 constanter
1091 1130 1264 1194 ¹succussati
1279 1127 1322 1214 lt).
1366 1133 1509 1196 Moritur
1529 1135 1571 1202 V.
1592 1137 1628 1202 C.
1709 1207 1712 1214 Ι

106 1239 147 1300 lis
170 1233 307 1320 profecti
337 1235 455 1312 fuere,
492 1236 584 1296 nullo
614 1235 720 1299 adhue
759 1256 832 1298 curn
890 1230 1144 1298 circitorum·

105 1339 222 1404 Graecis
237 1337 461 1412 commercio,
478 1335 681 1400 Graecorum
699 1335 834 1422 religia·
951 1332 1157 1396 Ariarathem
1186 1334 1274 1396 hana
1301 1331 1424 1396 dietum
1450 1334 1551 1398 inisse
1574 1336 1634 1398 Eu·

106 1461 167 1504 nem
185 1439 218 1502 in
237 1451 371 1499 moneta
393 1437 523 1518 publica
550 1437 730 1520 professos,
770 1440 833 1502 Ac.
890 1437 983 1510 σθβη,
1006 1437 1122 1513 Pium,
1146 1435 1268 1498 (liserie
1292 1435 1440 1498 adfirmat
1464 1423 1633 1520 Belieytts,
1673 1477 1682 1488 -

105 1541 368 1618 cedit,·numum
399 1539 486 1604 hune
511 1560 614 1623 nsque
640 1539 724 1604 adeo
746 1541 833 1603 aimi-
887 1554 926 1597 ac
945 1549 1121 1619 propterea
1140 1537 1190 1598 illi
1214 1559 1330 1600 numos
1349 1538 1479 1613 tribuit,
1502 1538 1558 1624 qui
1580 1559 1634 1602 ca·
1702 1584 1706 1592 ,

106 1640 723 1730 lemessetetrndraehmisLysimachi‚
743 1639 831 1726 quod
890 1655 1033 1718 gnomen
1063 1637 1149 1700 istud
1177 1641 1389 1722 praeferunt,
1420 1659 1535 1705 verum
1563 1639 1633 1722 ejus

107 1743 283 1807 Pelleriaius
306 1744 383 1828 ipse
408 1741 602 1826 profitetur,
630 1758 667 1805 ut
689 1743 831 1806 dubitari
888 1737 938 1798 illi
957 1737 1070 1802 tributi
1092 1759 1189 1804 nemo
1209 1753 1358 1807 veterum
1379 1741 1536 1805 meminit.

106 1867 158 1908 non
190 1845 316 1929 possit,
347 1845 390 1908 ab
426 1845 477 1908 his
516 1847 698 1928 praesentis
739 1846 831 1908 numi

106 1948 270 2031 exemplum
299 1961 477 2032 sumptum.
515 1949 558 2010 At
583 1967 666 2012 vero
686 1947 831 2029 Lysima·
1047 1973 1392 2042 AHIARATHES
1421 1983 1476 2047 vl·

107 2047 172 2114 chus
188 2049 314 2113 nonnisi
343 2069 430 2112 anno
449 2049 490 2116 V.
503 2049 540 2112 C.
555 2048 629 2122 432.
669 2048 831 2114 Thraciae

106 2171 224 2234 regnum
262 2149 387 2226 adivit,
422 2163 456 2212 et
486 2149 603 2212 eodem
644 2149 708 2215 hoe
746 2171 831 2214 enno
951 2146 981 2206 A
999 2145 1119 2228 pietate
1140 2145 1173 2205 in
1191 2161 1318 2228 patrem
1337 2149 1496 2232 cognitus.
1520 2128 1632 2211 Philo·

107 2253 287 2317 Ariarathem
307 2255 350 2314 11.
375 2270 504 2316 caesum
524 2250 674 2314 diximus.
713 2254 830 2338 Neque
888 2245 1022 2328 sophiae
1041 2247 1155 2310 stadiis
1176 2247 1324 2332 impense
1341 2249 1635 2312 dedituseruditos

107 2359 188 2418 etism
237 2355 446 2430 verisimile,
483 2351 773 2416 Ariarathemlll.
812 2378 830 2418 a
889 2344 1034 2410 Graecos
1059 2349 1100 2412 ad
1119 2370 1155 2413 se
1175 2351 1319 2412 arcessit.
1350 2352 1534 2414 Amicitiam
1556 2371 1632 2413 cum

106 2457 221 2521 Graecis
262 2461 373 2541 regni)
409 2457 565 2540 pulsum,
602 2471 636 2519 et
674 2455 830 2540 deinceps
888 2449 1042 2512 Romanis
1067 2464 1214 2518 renotat.
1256 2454 1347 2516 Haec
1368 2452 1553 2530 Diodorus,
1576 2454 1632 2538 qui

107 2573 279 2642 perpetuum
317 2579 438 2622 eorum
469 2557 597 2622 hostem
627 2557 830 2621 Graecorum
887 2546 920 2609 in
944 2549 1007 2614 hoc
1035 2553 1209 2616 Ariarathe
1232 2552 1362 2618 desinit.
1401 2555 1494 2618 Obiit
1514 2558 1633 2618 Roma·

107 2681 197 2724 mores
227 2681 264 2724 sc
290 2659 495 2742 religionem
530 2660 719 2726 adfectasse.
763 2659 831 2723 Sed
887 2672 1005 2714 norum
1027 2655 1137 2718 socius
1162 2655 1197 2716 in
1220 2655 1311 2719 hello
1337 2667 1450 2719 centra
1472 2657 1633 2721 Aristoni·
1767 2715 1774 2738 ,

107 2763 178 2824 eain
201 2761 274 2824 inde
300 2760 346 2824 ab
370 2761 542 2825 Ariarathe
566 2762 623 2828 tv.
654 2762 726 2844 plus
756 2783 831 2826 enm
885 2775 963 2816 cum
983 2757 1023 2824 V.
1043 2755 1217 2838 Gustu).
1281 2781 1287 2792 ·

106 2864 221 2928 Graecia
242 2865 458 2940 commercii,
487 2877 521 2926 et
547 2863 652 2946 major
671 2863 831 2928 amicitiae
1283 2851 1287 2856 ’

108 2987 202 3042 caasa,
222 2980 339 3050 postea
374 2965 522 3048 quernis
547 2985 621 3028 cum
643 2966 758 3048 Syriae
779 2986 833 3028 re·
1039 2995 1384 3058 ARIARATHES
1413 2996 1484 3062 vu·

108 3067 204 3150 gibus,
231 3081 266 3132 ut
287 3068 449 3144 diximus,
477 3067 675 3130 adfinitatem
706 3082 833 3130 eontra·

108 3171 154 3232 sit.
189 3169 320 3233 Circum
339 3170 456 3232 eadem
485 3169 581 3232 etiam
603 3181 752 3253 ternpore
770 3169 832 3232 Ni·
951 3163 1100 3230 onrem
1119 3161 1231 3225 habuit
1249 3161 1417 3226 Laodicen
1433 3160 1632 3268 Mithridatis

108 3271 245 3336 thridates
266 3271 427 3358 quispiam
451 3273 549 3335 Ponti
567 3293 628 3335 rex
652 3290 768 3334 numus
789 3270 831 3333 si·
888 3264 944 3332 Vl.
974 3263 1072 3327 Ponti
1100 3261 1189 3347 regis
1219 3284 1391 3341 sororem,
1421 3277 1533 3348 postea
1555 3263 1632 3326 adli-

108 3375 200 3457 gaarit
232 3375 273 3438 ad
312 3375 481 3459 exemplar
510 3374 828 3440 tetradraehmarum
886 3369 937 3431 nis
955 3369 1045 3451 regie
1066 3365 1192 3430 insidiis
1212 3385 1233 3428 e
1255 3365 1514 3430 medio'tollitur
1536 3365 1629 3428 circi·

108 3475 265 3540 Alexandri
275 3477 439 3556 11.,ntin
454 3491 584 3542 moneta
599 3497 716 3561 regum
729 3477 828 3539 Ponti
880 3483 939 3534 ter
954 3471 994 3539 V.
1012 3471 1048 3534 C.
1065 3470 1128 3535 658
1143 3457 1186 3552 d).

107 3576 237 3646 dininas.
992 3592 994 3602 ·

1022 3707 1372 3770 ΑΒΙΔΒΑΤΗΕὓ
1400 3705 1486 3774 VIII.

248 3819 590 3883 ARIARATHES
624 3819 665 3888 V·
955 3877 1036 3940 Cum
1061 3873 1260 3939 Nicomedes
1281 3876 1336 3938 ΙΙΙ.
1369 3871 1541 3954 Bithyniae
1567 3889 1629 3936 rest

158 3987 381 4053 Antiochidem
395 3987 549 4052 Antiochi
566 3989 612 4053 Μ.
631 3985 729 4049 liliam
750 4005 829 4048 axo·
887 3979 983 4043 dueta
1001 3978 1147 4042 Laodice
1167 3975 1344 4039 Ariarathis
1365 3975 1436 4046 v11.
1459 3974 1525 4038 filia
1548 3972 1629 4059 Cap-

107 4107 166 4150 rem
187 4089 283 4154 ducit.
312 4092 423 4154 ·Haee
449 4111 524 4153 cam
551 4087 665 4152 liberis
689 4100 828 4166 careret,
885 4081 1055 4168 padoniam
1078 4079 1267 4156 invasisset,
1288 4077 1375 4142 istud
1395 4078 1628 4161 aegrelerens

107 4191 175 4255 duos
204 4192 319 4257 merito
354 4193 441 4256 lilios
474 4192 637 4277 supponit.
682 4189 827 4254 Subinde
885 4183 1092 4247 Mithridates
1118 4183 1214 4267 palso
1243 4201 1306 4265 per
1331 4180 1460 4265 pietatis
1482 4181 1627 4264 speciem
1714 4269 1717 4276 .

107 4309 223 4377 praeter
260 4316 351 4380 rpem
379 4315 562 4380 praegnans
592 4291 697 4356 filiam
729 4295 828 4356 enisa
884 4284 1067 4352 Nicomede
1098 4297 1253 4376 nepotem
1283 4303 1326 4345 ex
1355 4303 1470 4346 sorore
1498 4285 1628 4346 Ariara-

106 4398 303 4462 artistarum
326 4397 596 4480 succenserent).
629 4395 827 4460 Antiochum
884 4391 975 4458 them
1013 4391 1099 4455 evito
1142 4393 1253 4470 regno
1287 4385 1440 4449 restituit.
1484 4387 1529 4446 At
1556 4385 1633 4466 ejus'

106 4511 243 4566 socerum
266 4501 437 4568 adversum
457 4499 625 4564 Romanos
647 4499 745 4583 jusit,
767 4499 827 4564 sed
884 4497 955 4582 ipse
976 4491 1087 4558 avidus
1105 4489 1350 4556 adolescentem
1368 4487 1408 4564 ad
1425 4486 1626 4570 colloquium

120 4625 1619 4662 ...-...............-...-....---—-—-—---

104 4725 302 4880 [Ἥ.
320 4727 342 4786 1.
358 4748 385 4788 c.
438 4727 474 4804 b)
492 4727 618 4787 Diodes.
636 4725 699 4785 hc.
757 4711 1397 4798 c)11atin.t.xxxt11.r.ttxxt'111.a.
1470 4709 1665 4814 dllustiuss

290 4833 343 4880 .l.
819 4833 823 4840 ’
