4160 5454
592 529 904 642 sanavero,
932 550 1150 625 ernust.
1284 549 1290 576 ²
1572 563 1644 654 aco

112 723 164 786 mis
190 717 402 786 Andochenis
429 729 541 783 aeram
568 719 834 798 Seleucidarusn,
891 739 934 805 pe
958 721 1104 806 partium
1128 721 1230 785 urhis
1252 719 1382 785 'Oronti
1415 690 1635 807 adsidentem,

112 841 179 908 quos
196 821 278 885 iuter
294 821 468 886 Bimerdus
490 823 534 904 ¹).
564 821 658 906 Ergo
673 823 763 887 numi
780 823 836 888 hic
892 823 1057 890 exhibent.
1099 824 1171 888 ead
1188 824 1279 886 inde
1305 824 1432 908 amplus
1461 827 1557 910 hujus
1583 850 1636 894 ae·

111 923 247 1006 descripti
276 923 500 994 alterierunt
530 923 676 1007 epochae
706 923 836 988 adcom·
890 943 948 989 rae
970 926 1076 990 hiatus
1098 948 1202 1012 nsque
1227 927 1268 990 sd
1292 946 1409 990 anunm
1430 926 1553 1008 1³02„
1580 929 1637 1016 qui

111 1021 253 1088 modendi.
293 1024 460 1090 Statustur
490 1031 573 1110 ergo
603 1026 754 1109 proxime
785 1048 837 1092 se·
892 1027 1022 1091 ducitur
1052 1027 1092 1092 ab
1122 1043 1274 1092 autumno
1305 1030 1347 1096 V·
1366 1029 1401 1094 C.
1426 1031 1498 1112 ’7ιὸ.
1531 1032 1571 1094 Α.
1594 1033 1634 1094 X.

110 1149 197 1212 quens
224 1126 427 1211 Pompeiana
460 1127 515 1194 rel
550 1129 757 1192 autonomis'e
792 1129 833 1192 ah
890 1136 943 1204 qr.
980 1129 1140 1192 Nimirum
1167 1133 1294 1193 interea
1319 1129 1519 1196 Antiocheni
1544 1131 1637 1194 indu·

110 1249 179 1292 suno
204 1229 243 1296 V.
265 1229 305 1294 C.
337 1227 419 1311 hqo,
457 1228 593 1312 addatur
622 1231 700 1295 huic
731 1253 833 1296 annus
890 1249 973 1294 uere
1004 1253 1113 1294 serem
1143 1233 1374 1317 Pompeianam
1408 1245 1443 1294 et
1473 1235 1636 1299 Caesaria-

109 1329 211 1406 fttz,
244 1328 309 1392 erit
338 1329 430 1392 numi
461 1331 557 1414 hujus
587 1354 689 1395 eunus
719 1334 836 1398 natalis
891 1351 984 1408 nem,
1008 1333 1103 1396 illam
1132 1333 1173 1397 ah
1201 1355 1286 1398 anno
1313 1335 1356 1402 V.
1377 1334 1414 1399 C.
1436 1333 1520 1415 huo,
1550 1335 1634 1400 hanc

109 1433 142 1498 V·
157 1433 188 1496 C.
206 1433 266 1514 qu5
286 1431 326 1497 Ρ.
343 1431 386 1495 Χ.
406 1449 474 1516 17s.
496 1433 552 1516 qui
567 1435 748 1517 respondet
768 1455 835 1499 me·
890 1432 932 1496 ah
950 1437 1039 1498 anno
1056 1437 1132 1516 705.
1172 1436 1215 1498 At
1240 1457 1299 1498 cnr
1320 1435 1442 1500 iterum
1463 1437 1503 1497 ad
1524 1457 1635 1500 aeram

108 1536 153 1596 dio
174 1535 304 1596 circiter
326 1535 372 1596 Μ.
392 1535 520 1596 Aurelii
547 1535 699 1618 irnperio.
735 1537 835 1600 Enim
892 1533 1140 1599 Seleucidarum
1157 1537 1635 1622 paullo'pustrediturnicre·

108 1657 175 1700 rcro
204 1649 332 1699 exstant
362 1637 452 1698 numi
484 1637 678 1702 Antiochiae
710 1640 833 1702 circum
891 1635 956 1714 do,
989 1637 1171 1720 prudenter
1197 1638 1284 1701 istud
1313 1639 1430 1701 scitum
1459 1639 1636 1704 Antioche·

107 1739 204 1802 eadem
231 1739 319 1812 haee
346 1751 496 1822 ternpore
521 1739 656 1822 signati,
691 1739 754 1802 sed
771 1739 835 1816 hi,
890 1737 957 1815 nis,
975 1757 1018 1801 ne
1033 1740 1178 1820 pertibus
1192 1738 1383 1802 offensionis
1401 1761 1527 1804 causam
1542 1761 1635 1824 prae·

107 1855 135 1903 ut
155 1839 350 1916 ridebimus,
380 1835 451 1902 eliis
474 1853 549 1902 eurtt
565 1842 674 1925 typis,
705 1855 774 1903 tum
799 1853 836 1904 et
882 1837 1019 1904 herent.
1047 1841 1227 1906 Enimvero
1245 1854 1318 1904 orto
1336 1843 1378 1910 V.
1396 1843 1431 1904 C.
1449 1865 1523 1924 7¹¹·
1546 1844 1634 1908 inter

105 1942 240 2006 fabricem
271 1941 395 2004 hahent
429 1955 465 2004 et
492 1941 662 2006 literarum
692 1942 832 2005 forman
881 1939 1045 2018 'lllriios,
1062 1944 1276 2026 Brutumque
1293 1961 1339 2006 -ec
1363 1942 1510 2007 Cassium
1531 1943 1634 2022 hello,

105 2065 174 2108 sero
207 2065 267 2108 sun
301 2045 480 2126 propriam.
516 2045 567 2106 Et
598 2064 676 2107 sane
704 2045 835 2108 nullum
889 2054 925 2106 et
953 2057 1110 2126 occupata
1138 2063 1216 2105 mos
1246 2065 1265 2104 a
1284 2044 1403 2107 Cassio
1427 2045 1519 2126 Syria
1548 2047 1636 2129 peri·

105 2143 196 2210 habco
235 2146 426 2229 exemplum
470 2144 614 2227 signatis
650 2147 833 2230 imperante
890 2141 1038 2208 colosum
1059 2143 1181 2221 risum,
1211 2161 1273 2226 per
1301 2166 1398 2209 uerae
1422 2147 1633 2211 Caesarianae

105 2248 226 2310 Aurelio
253 2247 362 2311 adhuc
389 2247 496 2314 forma
518 2243 550 2310 Σ
572 2247 704 2310 exarati.
748 2246 834 2310 etat·
888 2265 983 2308 uum
1004 2244 1153 2308 addictos
1175 2265 1211 2308 se
1234 2246 1365 2308 Caesari
1387 2247 1536 2328 profiteri
1544 2271 1554 2328 3
1579 2272 1634 2332 pe-

104 2361 134 2410 to
151 2370 227 2433 ergo
247 2351 351 2434 magis
377 2349 624 2410 reluctabantur
648 2347 723 2410 anni
743 2343 832 2413 ΜΣ.
888 2345 1067 2410 ficulneum
1090 2347 1187 2410 etism
1208 2367 1315 2408 aeram
1332 2347 1563 2430 Pompeianam
1581 2371 1633 2414 re·

104 2461 133 2512 et
145 2449 245 2528 ΒΟΣ,
267 2471 408 2535 quornm
428 2450 487 2512 ille
508 2451 544 2510 in
566 2463 713 2512 extrema
729 2448 834 2511 Aure-
888 2446 1018 2532 spicere
1049 2449 1177 2511 incerto
1198 2447 1280 2510 belli
1301 2449 1410 2530 exitu3
1440 2449 1634 2534 accurabat

104 2551 149 2626 lii,
169 2551 219 2615 hic
242 2553 276 2614 in
301 2567 448 2616 extrema
471 2551 588 2615 Severi
612 2565 761 2634 tempora
775 2549 835 2610 tim-¹
888 2548 1029 2628 invidia,
1056 2547 1170 2612 redire
1191 2547 1232 2611 ad
1253 2563 1402 2614 reterens
1425 2565 1459 2614 et
1479 2550 1633 2614 domesti-

104 2650 225 2717 eideret.
267 2655 322 2715 Ex
350 2673 416 2738 quo
446 2654 674 2738 consequitur,
702 2669 834 2727 umnec,
888 2649 1343 2716 eanflcleucidarumaeram.
1367 2651 1427 2715 Eat
1442 2651 1497 2716 ltic
1514 2653 1548 2715 in
1565 2674 1634 2717 me·

105 2765 175 2838 quos
195 2755 257 2819 hoc
278 2755 356 2818 loco
377 2755 555 2839 descripsi,
585 2774 702 2817 numos
729 2751 834 2815 multo
889 2765 967 2816 nets
984 2752 1178 2816 Antiochiae
1206 2767 1390 2836 postremus
1413 2755 1508 2838 hujus
1536 2775 1633 2819 aerae

104 2855 196 2919 minus
220 2857 380 2940 patientes
405 2859 479 2922 lore
504 2877 600 2920 serae
620 2855 836 2921 Caesarianae
891 2875 1016 2931 annus,
1053 2867 1086 2917 et
1114 2853 1241 2918 refellit
1266 2870 1438 2939 praeterea
1466 2857 1633 2920 Norisium

105 2957 150 3017 rel
168 2957 334 3036 Actiacae,
365 2979 448 3043 qaae
474 2959 579 3019 serius
606 2977 769 3040 coepere,
799 2967 840 3018 et¹
890 2954 1115 3030 adserentem,
1155 2956 1397 3036 Antiochenos,
1435 2979 1510 3022 oum
1542 2978 1635 3021 acres

104 3077 187 3118 uuam
211 3062 292 3123 adeo
315 3081 425 3123 aerem
450 3057 697 3123 Seleucidarum
711 3057 834 3121 admit·
889 3057 1051 3118 Romanas
1073 3055 1251 3135 induxere,
1276 3073 1423 3124 veterem
1446 3059 1634 3126 Seleucida-

106 3173 180 3222 tere.
817 3227 820 3234 Δ
888 3159 963 3221 num
984 3159 1166 3242 antiquasse
1189 3156 1234 3242 b),

157 3263 190 3322 ln
208 3259 241 3322 id
257 3281 360 3348 genna
381 3263 489 3326 nemis
509 3283 611 3324 annus
634 3261 758 3346 primus
782 3275 833 3325 est
955 3261 1039 3344 Typi
1067 3261 1100 3320 in
1123 3246 1196 3322 ‘hies
1235 3259 1386 3343 Iuppiter
1410 3263 1632 3346 Nicephorus,

103 3357 223 3436 Ant„
262 3365 318 3448 qui
358 3363 398 3426 atl
435 3365 683 3427 Seleucidarum
723 3384 832 3426 aeratu
890 3373 924 3423 et
942 3361 1100 3444 Apollini
1117 3381 1211 3424 sacer
1229 3367 1345 3442 tripes.
1375 3363 1552 3448 Vtriusque
1573 3385 1632 3426 na·

102 3477 224 3526 exactus
243 3467 424 3547 respondet
446 3486 530 3529 anno
554 3467 595 3532 V.
611 3467 648 3529 C.
671 3465 743 3530 oca.
774 3467 849 3533 Vi·¹
888 3461 983 3528 minis
1011 3483 1125 3547 magna
1154 3475 1188 3524 et
1217 3463 1385 3544 explorata
1410 3463 1496 3548 apud
1518 3466 1632 3528 Antio·

102 3559 212 3625 deutur
229 3567 425 3629 Annecheni
452 3567 485 3628 iu
511 3566 601 3630 fatali
627 3565 689 3628 itta
713 3587 830 3650 regum
889 3564 1011 3629 cherres
1028 3564 1158 3648 religio.
1187 3564 1434 3630 Vetustissimos
1453 3565 1538 3629 loris
1563 3567 1632 3629 eul-

101 3663 314 3747 indigensrum
337 3667 486 3731 dissensu
506 3667 559 3745 ius
578 3666 641 3728 sihi
658 3667 830 3734 feriendae
888 3665 1018 3748 tneluit
1032 3667 1075 3742 is,
1102 3685 1198 3750 quem
1214 3665 1452 3728 testeLihanio
1473 3666 1631 3732 invenere

101 3779 240 3830 monetae
268 3771 458 3833 extorsisse.
494 3769 682 3852 Sequuntur
710 3769 829 3834 deinde
886 3767 1019 3852 Argivi,
1046 3767 1102 3851 qai
1122 3767 1187 3830 huc
1208 3765 1249 3829 ad
1269 3766 1496 3852 inquirendam
1517 3770 1553 3831 le
1574 3773 1629 3852 sip-

101 3867 171 3930 suni
189 3869 302 3954 exiguo
321 3873 410 3935 inter
424 3870 600 3934 nonnullos
619 3870 708 3934 hiatu
726 3893 829 3957 utque
886 3869 972 3954 pulsi
994 3867 1166 3952 desperato
1194 3887 1348 3930 successu
1374 3867 1490 3932 urbem
1519 3869 1630 3933 condi·

102 3965 264 4033 etiannum
282 3969 371 4041 Mt.
393 3973 503 4058 quiin
526 3973 586 4036 han
607 3973 759 4036 continua
781 3991 831 4036 se·
853 4049 859 4066 Ι
886 3963 967 4054 dere
988 3967 1085 4059 Iones
1103 3968 1253 4045 nominis,
1276 3983 1388 4033 erecto
1404 3970 1451 4032 ihi
1466 3972 1552 4036 loris
1568 3992 1629 4036 sen

101 4069 145 4131 rie
162 4063 341 4152 puin-emus
360 4075 447 4137 cedit
462 4073 495 4135 iu
512 4095 630 4137 annum
639 4065 684 4142 Ὗ.
700 4073 736 4140 C.
756 4073 828 4156 hdr.
886 4072 1003 4136 Nemei
1019 4080 1085 4134 seu.
1096 4071 1205 4135 Nomii
1218 4072 1350 4154 templo
1372 4073 1413 4154 ο).
1445 4077 1510 4136 lem
1530 4075 1628 4138 etiarn

102 4167 605 4261 Posteshntiochersiplerosqae
621 4191 829 4244 namurcum
887 4175 1075 4238 Alexander
1101 4177 1147 4238 Μ.
1176 4173 1294 4238 eodem
1321 4175 1413 4252 loce,
1444 4195 1509 4258 qno
1537 4175 1629 4238 dein·

100 4273 200 4356 eapite
224 4279 309 4360 regis
338 4277 491 4362 Tigranis
522 4276 739 4361 signaverint,
773 4277 830 4361 qui
887 4277 929 4340 de
950 4275 1122 4340 Antiochia
1145 4267 1306 4352 surre'xit,
1337 4276 1522 4342 aramlcri
1548 4277 1634 4338 Bet-⁴

100 4387 163 4436 tum
186 4375 302 4459 Syriam
324 4381 446 4454 tenuit,
473 4392 513 4442 et
540 4379 631 4462 cnjus
659 4377 749 4441 numi
778 4399 832 4442 re·
887 4379 992 4456 tiaeo,
1029 4378 1076 4443 sic
1106 4377 1195 4444 dicto
1226 4377 1481 4442 silacedonise
1515 4375 1626 4461 re'gie·

98 4495 175 4540 rere
200 4481 526 4562 typum-Antiochiae
555 4481 707 4557 ebrium,
740 4501 830 4544 nem·
885 4501 928 4564 ne
950 4481 1116 4558 Bottiaca,
1146 4481 1180 4542 in
1202 4501 1265 4566 qna
1284 4481 1345 4543 sits
1365 4479 1460 4542 Pella
1481 4477 1551 4559 ejus
1573 4497 1626 4541 re·

100 4709 562 4856 Taplddlohett.{hil-patt-
656 4703 1257 4788 lt)Ep.'Syrotn.Diss.lll·e.3.infi1e.
1349 4703 1379 4775 c)
1399 4698 1624 4761 iuAutiocltico

126 4837 134 4848 ·
177 4811 294 4874 ·p.2-tt.
