4160 5454
408 567 486 638 234
965 547 1172 626 necne
1207 539 1430 623 eterra.

407 723 529 788 atrarit.
557 723 701 790 Varum·
706 719 828 828 patuit
825 715 969 782 triennio
990 732 1064 802 poat
1082 739 1149 782 me·
1206 715 1444 782 observandum
1460 735 1566 780 cornu
1589 719 1702 803 galeae
1725 708 1881 784 adfixum
1907 725 1941 784 ln

406 825 540 888 ditatum
559 823 666 886 animo
681 801 828 888 iacinue.
853 823 945 884 Nam·
948 841 1049 886 caeso
1075 841 1149 904 per·
1205 833 1283 904 typo
1313 809 1426 902 galeae
1453 804 1648 887 'Vaillnntina‘
1676 819 1877 886 adluaionem
1904 826 1942 886 ad

405 925 472 989 nde
488 945 592 1010 pnero
610 945 690 1010 rege
707 921 870 988 annocho
882 925 937 992 Vl
958 923 1047 990 VC.
1063 923 1148 998 (ιιι.,
1204 941 1327 983 nomen
1346 921 1532 1003 Tryphome
1549 921 1656 999 radet
1679 924 1766 1007 quod
1780 929 1943 1004 τρυραλια

406 1039 460 1090 ant
475 1037 633 1109 aequente
648 1047 719 1110 apra
736 1045 874 1109 regnum
890 1023 1030 1101 invadat,
1053 1021 1149 1084 illnd-
1205 1023 1354 1086 Homero
1396 1035 1431 1085 et
1459 1023 1607 1104 Hesiodo
1645 1028 1738 1108 galea
1776 1038 1846 1102 eat,
1886 1025 1942 1090 aed

406 1147 471 1210 qne
486 1129 660 1192 multarum
678 1127 808 1190 urbium
827 1125 1016 1220 acceapione
1033 1124 1148 1190 adver·
1205 1145 1288 1208 quae
1313 1143 1407 1188 cauea
1425 1125 1522 1186 nimia
1550 1125 1649 1209 longe
1669 1128 1828 1192 accersita
1856 1129 1944 1194 vida·

405 1251 459 1292 aua
484 1229 690 1295 Demetrium
708 1231 747 1292 li.
770 1227 958 1302 confirmat,
981 1227 1150 1312 qno-intc-
1205 1237 1268 1289 tur.
1292 1226 1417 1302 Cornu,
1434 1225 1521 1308 quod
1539 1225 1786 1291 hircinoaimilc
1804 1245 1870 1308 eat,
1887 1252 1943 1296 aen

405 1351 464 1394 rea
485 1331 651 1395 apannis
676 1343 771 1414 capto
787 1329 859 1414 ipae
880 1330 931 1393 eni
953 1349 1086 1392 recurat
1107 1329 1149 1391 ad
1204 1327 1325 1392 indicat
1350 1349 1466 1412 regum
1488 1328 1700 1393 Macedoniae
1730 1333 1858 1412 galeam
1881 1335 1943 1398 hir·

406 1432 575 1512 ingenium
605 1427 715 1510 redit,
748 1427 888 1514 cumque
915 1451 977 1514 per
1007 1431 1149 1513 repetita
1204 1429 1460 1492 ciniacornibne
1482 1427 1666 1507 horridam,
1689 1430 1814 1517 deque
1836 1437 1943 1520 egila

405 1531 551 1596 ferociae
571 1533 721 1618 exempla
745 1534 888 1596 omnium
909 1531 1019 1597 odium
1041 1531 1148 1594 incur·
1204 1530 1311 1592 numia
1346 1529 1505 1614 Antigoni
1546 1533 1570 1594 l.
1594 1531 1807 1618 Macedoniae
1844 1539 1942 1623 regia,

404 1629 522 1712 reret,¹
550 1649 690 1718 repente
721 1635 901 1698 Antiochus
922 1633 1084 1696 Demetrii
1106 1635 1170 1694 ll.·
1206 1630 1284 1693 dicti
1301 1630 1468 1708 Gonatae,
1485 1651 1550 1694 aen
1572 1631 1605 1693 in
1631 1652 1754 1716 genere
1781 1639 1943 1704 variorum

405 1733 530 1810 irater,
548 1737 710 1821 deinceps
732 1737 861 1800 anobia
883 1735 1089 1810 alternam,
1112 1735 1146 1795 in
1205 1752 1332 1794 morem
1358 1733 1575 1816 populorum,
1606 1735 1664 1818 qui
1691 1738 1945 1818 galcissscornna

406 1835 500 1918 Syria
524 1837 633 1916 adeat,
655 1838 816 1921 ductaque
830 1837 1011 1920 Cleopatra
1035 1835 1146 1898 fratria
1192 1834 1406 1917 praefixere,
1424 1834 1466 1896 de
1482 1857 1547 1918 qno
1563 1835 1640 1920 lege
1652 1839 1770 1901 iterem
1783 1840 1945 1906 disceren-

404 1937 570 2001 Demetrii
598 1959 702 2004 uxore
729 1959 845 2023 regern
877 1959 913 2003 ae
941 1937 1074 2022 agnosci
1099 1937 1146 2020 jn·
1204 1947 1271 1998 tem
1288 1936 1520 2020 spanhemium
1534 1934 1577 2020 ¹²).
1620 1939 1722 2004 Forte
1739 1941 1827 2003 istud
1842 1944 1946 2026 priva·

404 2039 480 2116 het,
502 2039 543 2102 ad
565 2062 663 2124 quem
685 2062 758 2104 cum
781 2041 881 2104 arbee
904 2054 938 2104 et
955 2038 1147 2122 ¹'llryphonio
1203 2050 1256 2100 tae
1271 2037 1441 2122 religionis
1454 2059 1554 2102 cauea
1575 2039 1714 2116 iactam,
1737 2045 1945 2126 quemadmo-

405 2141 520 2224 oopiae
539 2143 688 2208 certatim
707 2141 905 2219 delicerent,
927 2141 1076 2225 ipseper
1096 2159 1149 2202 re·
1202 2139 1280 2200 dum
1296 2139 1417 2220 Libyca
1435 2161 1530 2204 canaa
1548 2143 1633 2208 lavia
1651 2144 1823 2208 dmmonia
1843 2167 1944 2210 corno

405 2261 505 2323 gnum
519 2264 620 2328 vagor
637 2245 823 2330 palamque,
841 2243 972 2308 tandem
983 2245 1146 2325 Apameae
1204 2239 1318 2323 galeae
1339 2239 1520 2320 addidere,
1551 2245 1643 2328 cujus
1672 2248 1772 2310 moria
1797 2251 1944 2313 meminit
2003 2293 2005 2296 -

395 2356 517 2426 -captna
534 2345 575 2409 ad
590 2363 733 2414 mortem
746 2346 888 2432 adigitur
902 2345 997 2414 V.·C.
1011 2343 1083 2410 (ιώ.
1200 2342 1303 2404 ¹Silina
1325 2342 1455 2406 Italicus
1472 2347 1500 2426 c)
1515 2365 1523 2405 ι

1264 2445 1319 2508 Tu
1350 2463 1476 2526 quoque
1494 2447 1658 2528 fatidicis
1684 2451 1945 2520 Garamanticus

692 2544 765 2650 ’Μ
775 2589 849 2650 mg:
1646 2557 1762 2617 accolo
1780 2556 1873 2618 dacis

470 2749 575 2830 caput
597 2753 686 2831 regis
707 2752 942 2815 diadematum.
975 2747 1147 2816 ΞΒΑΣΙ·
1643 2777 1759 2824 cornu.

399 2844 554 2914 ’ΛΕΩΣ
590 2845 873 2918 TPTd’ttNoz.
913 2851 974 2916 ΑΤ
980 2851 1147 2918 ἰΓΟΚΡΑ
1202 2855 1247 2918 Ει
1261 2853 1344 2917 inira
1360 2853 1401 2917 de
1416 2853 1500 2916 Naba
1513 2855 1694 2918 Ammonia
1699 2861 1831 2924 cultore
1852 2861 1905 2944 ‘lla

403 2943 571 3015 ΤΟΡΟΣ.
599 2951 707 3016 Galea
729 2953 856 3038 adfixo
865 2957 1024 3018 animalis
1043 2978 1146 3018 cornu
1268 2957 1590 3039 Cnsrr'decornigero
1604 2961 1786 3042 dependens
1804 2965 1926 3045 insule.

401 3054 596 3132 conspicua,
617 3055 748 3116 inarea
763 3047 841 3117 ΑΣ.
852 3049 978 3130 ΑΣΚ..
997 3058 1148 3140 velpilei
1261 3057 1389 3118 Numae
1419 3056 1503 3118 alter
1531 3057 1630 3143 longe
1654 3060 1842 3142 illustrior,
1876 3064 1944 3148 quia

1266 2651 1416 2735 Insignis
1429 2649 1528 2746 fleao
1549 2653 1683 2733 galeam
1710 2675 1770 2736 per
1797 2671 1943 2743 temporo
2065 2693 2066 2715 ι

401 3153 644 3216 Dioscurorum
663 3168 726 3221 etc.
749 3155 820 3220 ΔΕ.
834 3157 890 3222 lll.
1201 3159 1289 3224 iorte
1308 3159 1431 3221 unione.
1454 3159 1622 3242 Signatum
1637 3181 1673 3224 ae
1689 3107 1868 3247 profitetdr
1881 3169 1944 3228 Do·
2062 3209 2063 3222 2

468 3253 576 3334 Caput
597 3258 685 3334 regis
706 3257 942 3323 dr·adee.naru1n
973 3253 1145 3321 tBAEI-
1201 3281 1258 3324 rae
1271 3260 1456 3324 Phoenicen
1469 3261 1563 3328 urbe
1588 3264 1633 3327 Et
1646 3265 1827 3329 verohanc
1846 3267 1944 3329 fuisse
1992 3317 1995 3333 .

400 3349 552 3420 ΛΕΩΣ.
588 3349 877 3424 TPTtl’stNOE.
908 3356 1144 3422 ΑΤΤΟΚΡΑ·
1202 3363 1371 3447 Tryphoni
1394 3362 1435 3425 ad
1454 3377 1637 3426 extremum
1659 3366 1817 3445 lidelem,
1848 3369 1946 3432 docet

403 3449 571 3521 ΤΟΡΟΣ.
604 3451 714 3520 ΔΩΡ.
746 3457 801 3520 ΙΕ.
833 3461 876 3526 K.
907 3463 951 3526 A.
995 3461 1146 3542 Iuppiter
1201 3464 1442 3529 anctorlibril.
1463 3465 1629 3530 Macchab.
1646 3471 1686 3548 ).
1710 3468 1786 3560 Quo
1802 3469 1880 3533 loco
1896 3489 1946 3532 re·

402 3559 544 3618 rtanrd.
559 3571 895 3638 porrecta-hotonem
916 3563 1036 3628 amn.
1053 3563 1145 3645 ffel·
1198 3567 1287 3641 fert,
1310 3566 1523 3648 Tryphonem
1546 3567 1825 3653 hucproiugnm,
1850 3585 1885 3634 et
1906 3571 1945 3634 ab

394 3656 489 3718 lcrin
507 3659 686 3741 Lettreep.
706 3662 747 3742 r.)
1198 3669 1364 3732 Antiocho
1381 3669 1450 3734 vn
1473 3669 1617 3732 cinaeum
1635 3671 1837 3755 aliquamdiu
1863 3673 1946 3736 obsi·

468 3759 597 3822 'situlae
615 3743 1009 3843 ΑΤΤὸΚΡΑΤΟΡΟΣ,
1032 3765 1144 3844 idest,
1200 3770 1332 3833 dionem
1351 3771 1519 3834 toleratae.
1542 3775 1635 3854 Typo
1654 3794 1787 3836 aversae
1805 3775 1947 3837 Pelleri·

398 3877 538 3940 propria
550 3865 716 3940 potestate
728 3869 883 3945 regentis
897 3867 1023 3930 anullo
1035 3868 1145 3932 hacte-
1199 3872 1272 3934 niue
1294 3872 1463 3936 victoriam
1488 3873 1625 3957 aliquam
1649 3897 1668 3935 a
1693 3877 1876 3958 Tryphone
1903 3875 1944 3939 de

396 3979 472 4019 mur
487 3971 520 4022 et
542 3959 698 4047 deinceps
719 3983 800 4048 rege
825 3965 959 4052 dempto
974 3969 1145 4034 mancida
1192 3976 1372 4038 Demetrio
1395 3977 1435 4038 ll.
1467 3977 1602 4038 relatam
1632 3989 1723 4059 putat
1754 3979 1944 4059 significari.
2057 4005 2058 4068 3

393 4079 474 4122 rum
495 4061 780 4149 unondecriptua,
803 4071 1041 4164 a'I'ryphone,
1064 4066 1144 4156 quo-
1201 4075 1267 4138 Sed
1289 4077 1341 4139 hic
1364 4089 1459 4158 typne
1481 4079 1515 4138 in
1539 4079 1667 4140 urbium
1690 4080 1809 4159 Syriae
1827 4080 1945 4142 numia

402 4179 531 4245 cunque
554 4167 713 4244 coneilio,
742 4189 816 4232 cum
837 4173 927 4252 regia
949 4173 1045 4236 titulo
1066 4195 1145 4238 con·
1200 4177 1334 4254 obvius,
1347 4191 1475 4262 -ncntpe
1494 4183 1678 4263 Apameae,
1706 4183 1845 4263 Cyn-rbi,
1880 4187 1945 4244 An·

394 4263 530 4345 {noctua
555 4279 614 4332 eat.
657 4269 750 4351 Lege
774 4271 1044 4354 spanhemium'
1034 4295 1069 4335 ιιι
1100 4295 1141 4338 ao
1196 4279 1413 4344 tioohensinnt
1443 4282 1529 4366 apud
1550 4283 1799 4358 Ptolemaidem
1814 4287 1945 4350 Hiero-

393 4364 593 4432 illustrando
611 4371 778 4455 copiosum
795 4375 835 4452 ¹.)
859 4375 900 4432 ln
918 4388 1010 4457 parte
1028 4395 1141 4441 nterea
1198 4381 1283 4466 polis
1304 4397 1370 4447 etc.

410 4560 1954 4598 Μ*

401 4683 469 4824 xp)
489 4681 733 4760 Talalpnaa.
809 4685 843 4759 b)
863 4687 948 4746 Tam.
963 4687 985 4749 1.
1000 4707 1037 4767 p.
1052 4701 1116 4765 399.
1190 4695 1354 4766 alluat.
1378 4706 1419 4760 tt.
1494 4699 1530 4774 d)
1549 4701 1661 4764 MV.
1681 4706 1743 4768 66²·
1814 4705 1848 4777 ε)
1870 4705 1945 4780 C¹1³·

429 4781 529 4830 ·.ιι.
1401 4821 1405 4830 «
