4168 5454
458 531 538 624 296.
954 519 1272 608 aaronem,
1309 519 1518 594 r1nn1t.

465 705 499 756 at
516 689 653 780 qnidam
666 689 742 756 inde
760 689 964 760 ..erramus
986 709 1047 774 per
1066 699 1208 752 sautem
1327 687 1434 768 ΑΤΤ,
1460 691 1502 756 Κ.
1527 687 1581 756 Μ.
1607 692 1647 759 A.
1673 693 1958 772 ΑΝΤΩΝΕΙΝΟΟ.
2037 739 2041 752 ·

463 796 535 878 ojus
556 813 794 861 atteosasorum.
822 792 1058 878 mgnaantnn
1080 793 1205 878 rapina
1368 791 1463 857 ttEB.
1489 795 1595 875 Caput
1613 795 1798 860 Caracallus
1812 799 1886 861 lonr.

462 899 595 964 minutis
616 897 750 980 sigillis,
773 915 857 980 qnae
879 895 965 956 inter
985 893 1113 978 aquilae
1134 914 1207 958 orta·
1263 890 1475 960 AHMAPX.
1513 891 1579 959 ΕΞ.
1615 889 1806 962 THATOC.
1841 899 1902 967 TO.
1930 905 1960 968 Δ.

462 1021 500 1064 ra
522 1015 596 1062 sont
615 997 801 1084 oonapioua.
842 997 897 1059 Sin
926 1015 966 1058 eo
993 993 1117 1058 arbitro
1142 995 1207 1058 ola·
1265 996 1448 1071 Sacellum,
1476 1001 1567 1060 intra
1588 999 1674 1075 quod
1690 1003 1812 1079 signum
1832 1005 1960 1082 militare,

463 1122 502 1164 sa
537 1101 607 1168 rel..
629 1099 763 1164 oonohat
788 1096 909 1160 indicat
939 1097 1083 1178 Tyrum,
1126 1095 1206 1160 aista
1263 1100 1397 1158 numine
1413 1097 1492 1160 ltine
1508 1109 1543 1160 et
1560 1101 1639 1160 inde
1657 1100 1830 1178 adsidente,
1853 1122 1962 1182 quornm

462 1203 596 1282 mystica
632 1201 789 1264 Sidonem
804 1241 821 1275 ‚s
855 1198 937 1281 pilai
970 1197 1205 1260 Diosonroram
1263 1201 1324 1260 uni
1357 1200 1470 1262 aristot
1501 1199 1587 1276 lao‚.
1605 1200 1704 1262 alteri
1735 1213 1861 1278 taurus,
1890 1207 1962 1289 irsrn

462 1303 624 1384 Tripolim
659 1301 714 1366 rel
742 1303 918 1382 Beryton,
961 1297 1016 1362 leo
1053 1297 1215 1383 gradiens·
1262 1299 1379 1378 aquilo
1397 1302 1554 1380 expensis
1573 1299 1650 1363 olis.
1670 1301 1737 1362 AR.
1753 1303 1777 1366 1.
1799 1284 1814 1290 '³

461 1405 639 1484 namium,
671 1415 792 1468 astrum
814 1403 868 1464 rel
895 1399 1103 1462 arnostolinm
1125 1401 1207 1463 Ara·
1324 1399 1470 1462 Aversae
1493 1399 1624 1464 nomina
1644 1421 1716 1464 essa
1736 1403 1857 1486 propria
1875 1417 1901 1468 et
1922 1407 1963 1469 do·

463 1505 560 1581 dam,
597 1503 721 1568 tulmen
751 1501 952 1585 Seleuciam,
988 1499 1206 1583 cornucopias
1262 1499 1395 1563 mastica
1423 1499 1633 1585 Hierapolis,
1664 1523 1744 1589 qnae
1772 1503 1829 1566 luit
1853 1505 1963 1590 Cyrrhe-

461 1606 518 1670 rel
547 1619 664 1670 noctua
693 1602 888 1670 Laodiceam
919 1601 960 1666 ad
991 1621 1100 1676 mara,
1141 1599 1204 1666 llos
1261 1601 1379 1677 otiose,
1410 1615 1445 1664 at
1465 1601 1659 1668 Antioohiae
1681 1604 1797 1682 vicina,
1825 1620 1856 1670 et
1878 1618 1962 1689 typum

461 1708 533 1774 loto
563 1691 880 1772 similiaSamosata.
923 1703 1015 1766 idem
1044 1723 1126 1788 ergo
1154 1703 1205 1764 illi
1261 1702 1367 1786 ipsnm
1393 1703 1697 1788 Hieropolitanum,
1726 1719 1842 1782 eertum
1870 1721 1964 1770 ester

460 1808 503 1872 de
526 1809 576 1872 his
598 1809 702 1870 numia
722 1807 896 1891 judicium,
925 1803 1013 1888 qnod
1034 1803 1076 1866 de
1097 1803 1205 1867 nnmis
1260 1823 1361 1866 numo
1378 1803 1498 1888 insigni
1513 1825 1634 1884 aeneo,
1659 1807 1714 1892 qni
1737 1808 1832 1871 estin
1852 1809 1965 1891 praeola-

460 1908 640 1974 Alexandri
669 1911 733 1985 Μ,
771 1908 827 1992 qni
856 1927 918 1990 per
949 1907 1067 1970 similia
1096 1906 1207 1990 sigilla
1260 1923 1299 1968 ro
1328 1925 1442 1968 annaeo
1463 1907 1646 1970 Nenmanni
1668 1909 1785 1988 nostri,
1814 1921 1844 1972 et
1863 1909 1898 1971 de
1916 1931 1962 1993 qno

459 2012 595 2094 patriam
627 2009 779 2092 produnt.
823 2007 891 2072 Sed
927 2009 1012 2070 enim
1051 2029 1204 2092 magnam
1260 2007 1388 2090 egimus
1415 2007 1449 2067 in
1475 2007 1546 2088 ojus
1568 2009 1660 2070 orbis
1682 2021 1816 2072 moneta.
1849 2009 1887 2070 At
1909 2029 1962 2071 rnn

460 2114 548 2176 inter
577 2112 639 2174 hos
670 2125 704 2174 et
733 2107 914 2174 Alexandri
944 2129 1061 2172 nomos
1092 2111 1204 2173 disori·
1261 2108 1416 2170 aliorsum
1454 2107 1498 2170 ds
1532 2129 1632 2172 numo
1666 2111 1810 2194 quopiam
1838 2123 1964 2191 argenteo

460 2235 548 2278 men.
586 2213 623 2274 ln
650 2211 814 2276 hirenius
835 2231 901 2272 non
923 2210 992 2273 sola
1014 2213 1121 2292 sigilla
1143 2213 1205 2274 ori·
1260 2209 1512 2292 Hieropolitnno
1531 2229 1597 2272 non
1616 2223 1762 2288 constet,
1783 2225 1814 2274 et
1831 2211 1965 2296 utriusque

461 2315 582 2380 terium
600 2325 781 2398 praestant,
804 2311 976 2378 sedetiam
994 2313 1120 2376 additae
1137 2331 1205 2374 non
1261 2310 1357 2374 faciei
1373 2311 1552 2394 epigraphe
1570 2313 1669 2396 plane
1689 2314 1846 2396 conspiret
1858 2331 1917 2374 enm
1930 2331 1966 2385 ea,

461 2437 538 2480 raro
560 2416 690 2478 litterae
709 2414 800 2478 orbis
822 2411 990 2498 ἅςχαησαι
1011 2413 1103 2476 litem
1119 2413 1206 2476 deci·
1262 2433 1344 2496 qaae
1378 2425 1428 2476 ast
1455 2413 1488 2473 in
1517 2414 1617 2476 certis
1650 2413 1792 2496 ejusdem
1819 2413 1968 2496 argumenti
2041 2459 2042 2488 ¹

462 2517 550 2582 dunt
595 2516 650 2580 ste
685 2517 776 2598 lyrae
809 2513 1025 2598 Colophonisv
1044 2513 1209 2578 succurrit
1262 2513 1476 2578 Antiochenis
1505 2533 1579 2578 oum
1605 2518 1714 2598 eapite
1741 2515 1920 2590 caracallae,
1944 2527 1968 2575 et
2041 2501 2042 2518 ¹

461 2619 605 2682 additam
626 2615 764 2684 KOAO.
803 2615 900 2678 Nulla
922 2615 956 2677 in
978 2615 1205 2698 praesentibus
1263 2615 1352 2700 qnod
1382 2629 1478 2700 eaput
1507 2629 1576 2692 est,
1607 2629 1674 2678 stet
1701 2615 1784 2679 inira
1811 2615 1901 2700 aquila
1925 2615 1967 2678 alis

461 2719 596 2782 alterius
617 2711 709 2780 uritis
728 2716 919 2801 epigraphe·
956 2716 1008 2778 Ad
1035 2717 1116 2780 ltroo
1141 2737 1207 2780 ma·
1263 2717 1447 2800 expansis,.
1464 2731 1663 2801 perpetuom
1685 2717 1718 2779 in
1740 2718 1788 2782 nis
1814 2717 1903 2779 nomia
1920 2719 1968 2778 An·

463 2823 516 2902 jar
554 2819 738 2902 sigillorum
776 2839 873 2900 pars,
915 2837 998 2902 quae
1036 2831 1207 2882 enumerat
1262 2819 1405 2882 tioolriaa
1426 2819 1625 2902 symbolum,
1658 2840 1724 2882 non
1751 2819 1965 2892 varroniano
2040 2801 2041 2810 ἵ

464 2919 679 2996 Ballenaion,
701 2919 785 3000 pilai
797 2919 1050 2996 Dioaeorornm,
1068 2933 1205 2997 astrum,
1264 2939 1395 3006 qnoque
1417 2941 1550 2982 numum
1573 2941 1650 2983 essa
1672 2921 1706 2982 in
1728 2921 1785 2984 hae
1801 2919 1875 2982 orbe
1889 2917 1968 3002 signa·

465 3022 693 3097 aarostoliam,
720 3020 862 3099 solmon,
891 3021 1127 3104 oornnoopiao,
1154 3043 1208 3086 oo·
1263 3036 1330 3088 tom
1349 3023 1516 3086 adaerere.
1545 3023 1639 3106 Ergo
1658 3017 1970 3106 quemadmodumln·

466 3135 601 3186 ourrnnt
631 3143 693 3205 per
722 3143 832 3186 aream
864 3136 1115 3186 antonomorum
1142 3123 1211 3186 Aa»
1264 3125 1425 3202 riaciani,
1451 3121 1581 3207 qnando
1600 3125 1633 3186 in
1655 3125 1761 3186 numia
1778 3119 1967 3204 Trajanialios

465 3223 627 3301 tioebiae‚
651 3241 738 3305 ergo
751 3225 849 3286 etiam
873 3223 907 3286 in
930 3223 1014 3288 hano
1034 3247 1207 3290 rumorum
1263 3240 1357 3310 typos
1373 3245 1595 3310 proposuere,
1618 3245 1716 3309 qoam
1735 3223 1857 3290 solitum
1870 3219 1968 3306 aquilae
2039 3267 2040 3320 l

467 3327 602 3390 elatrent
635 3326 709 3408 jura
746 3324 893 3390 admisse.
937 3326 1089 3408 Denique
1120 3325 1208 3411 qaod
1265 3328 1395 3403 stantia,
1420 3325 1582 3390 tamenin
1603 3327 1709 3390 altera
1726 3344 1884 3388 ramorum
1899 3333 1969 3404 parte

465 3427 677 3511 praeeipuam
703 3438 772 3498 est.
806 3445 870 3508 quo
896 3439 1047 3510 tempore
1071 3429 1210 3490 Pelleni-
1265 3429 1503 3492 constituerunt
1521 3429 1683 3512 aquilam,
1706 3441 1742 3490 nt
1758 3449 1827 3491 esse
1842 3436 1970 3488 monetam

465 3529 539 3590 ains
559 3547 676 3589 nomos
701 3527 762 3588 laos
785 3527 881 3588 variis
903 3527 935 3588 in
955 3527 1091 3590 orbibus
1114 3549 1209 3592 orsos
1266 3529 1502 3592 Antiochenam
1521 3529 1784 3614 intelligeretur,
1800 3529 1843 3591 sio
1857 3525 1886 3586 in
1900 3541 1970 3608 prae·

467 3628 607 3704 adserit,
639 3647 758 3712 nempe
784 3627 861 3690 inde
890 3651 909 3691 a
936 3627 1118 3707 Caracalla,
1146 3633 1210 3712 Ty·
1266 3643 1359 3694 sante
1384 3649 1426 3692 ex
1451 3630 1566 3694 eadam
1586 3651 1685 3695 eausa
1705 3631 1746 3694 ad
1757 3643 1864 3714 -typnm
1880 3625 1971 3688 Hiero
2038 3665 2039 3690 r

467 3751 543 3806 aaa,
586 3733 744 3811 Berytos,
787 3729 968 3806 Laodicea,
1018 3751 1057 3796 ao
1098 3730 1210 3813 paullo
1266 3733 1444 3816 politanum
1472 3733 1690 3796 adstitnernnt
1719 3734 1860 3818 aquilam.
1895 3730 1971 3789 Aoos·
2038 3713 2039 3762 ἶ

468 3845 544 3915 post
572 3831 674 3893 Sidon
704 3832 769 3912 jam
799 3831 893 3893 luera
924 3831 1091 3909 roloniae,
1131 3853 1210 3915 qaas
1267 3833 1333 3910 dit,
1358 3832 1464 3898 inissa
1482 3847 1626 3916 tempas,
1656 3857 1723 3920 qno
1745 3829 1931 3898 Antisthenis
1948 3837 1973 3888 et
2037 3899 2038 3908 ἵ

471 3931 627 4014 deiooeps
660 3933 761 4010 alios,
798 3933 860 3995 nisi
893 3933 1043 3996 roloniae
1077 3934 1211 3996 nomina
1266 3935 1484 4016 Hieropolitis
1509 3957 1701 4001 commones
1729 3937 1821 3999 inere
1849 3929 1921 4015 typi,
1947 3937 1974 3986 nt
2037 3923 2038 3994 l

470 4051 614 4107 nnm0s‚.
632 4051 755 4116 eosque
777 4051 890 4096 omnes
912 4055 1052 4112 aenaea,
1080 4035 1211 4098 ieriisaa
1267 4037 1406 4100 dirimam
1428 4057 1498 4120 sap.
1515 4041 1539 4102 l.
1561 4035 1665 4124 §.17⁸

472 4151 536 4192 non
559 4144 694 4196 constat.
727 4133 912 4198 Admodum
936 4137 1033 4198 etiam
1055 4137 1211 4198 verisimi·
1330 4137 1470 4201 Adserta
1493 4138 1587 4221 hnjns
1610 4133 1975 4220 mincianumque

472 4233 523 4308 le,
546 4229 739 4296 Antioohiae
761 4255 871 4298 rosam
894 4235 994 4300 inisse
1016 4237 1143 4319 insigna
1166 4251 1213 4301 to·
1267 4253 1439 4322 praeterea
1461 4239 1523 4300 alia
1545 4237 1660 4312 docet,
1684 4257 1881 4319 exequamur.
1906 4231 1977 4293 Disi-

364 4335 375 4366 '·
473 4333 731 4410 tradraoltmnm,
773 4335 862 4417 qood
895 4337 1039 4421 vulgarit
1073 4337 1212 4401 Pallori·
1268 4361 1339 4402 mns
1361 4339 1511 4423 coepisse
1533 4340 1593 4404 snb
1614 4342 1779 4424 Angusto,
1803 4352 1835 4400 at
1851 4333 1976 4414 deinceps

474 4435 547 4498 nina
569 4439 617 4517 ·)t
1269 4439 1433 4524 copiosius
1463 4444 1607 4526 signatos
1629 4443 1691 4506 snb
1713 4443 1852 4504 Nerone.
1885 4432 1976 4496 Galba.

512 4749 543 4816 a)
563 4747 631 4806 stet.
642 4747 664 4808 i.
679 4769 711 4825 p.
721 4757 782 4825 189.
1461 4721 1466 4728 ⁸
2030 4671 2036 5048 J

2027 5055 2035 5401 l
