4160 5454
885 535 1072 618 REGES
1110 533 1524 618 COMMAGENES.

755 1041 1015 1196 sucus
1080 1099 1656 1232 commassata

437 1498 587 1614 Horum
606 1564 723 1612 numos
742 1545 865 1630 primus
881 1523 1036 1624 Harmina
1057 1541 1182 1626 majore
1238 1556 1407 1628 receptum
1430 1557 1465 1607 et
1489 1557 1583 1630 parte
1602 1545 1860 1630 Mesopotamiae
1882 1554 1980 1620 dosa·

437 1633 753 1732 nnmsrc'collegin
776 1659 810 1710 at
829 1644 1000 1708 Thesauro
1027 1664 1086 1708 tuo
1108 1645 1181 1707 Bri·
1237 1657 1305 1707 tum
1331 1641 1501 1727 tcrttitb).
1544 1647 1576 1710 lt
1599 1645 1775 1715 Vaillantio
1797 1651 1885 1717 idem
1913 1677 1981 1722 era-

437 1755 569 1820 tcnnicc
593 1751 730 1814 inscruit
745 1751 785 1830 ⁸).
823 1748 868 1810 At
890 1743 979 1832 quod
1004 1747 1180 1809 maximnm
1236 1741 1419 1842 (liturnum
1440 1745 1601 1836 Antiocho
1620 1747 1706 1810 xltt.
1727 1766 1900 1834 postremo
1927 1759 1980 1840 Sy·

437 1857 509 1940 ejus
536 1854 600 1918 luit
625 1852 799 1926 meritum,
836 1845 877 1912 ad
905 1867 1019 1930 eorum
1052 1847 1178 1918 calcem
1234 1845 1303 1910 riae
1325 1867 1425 1932 rege,
1446 1845 1506 1912 sed
1523 1849 1616 1932 cujus
1633 1848 1721 1913 istud
1740 1851 1891 1920 historici
1916 1857 1978 1922 fide

437 1955 577 2039 subjecit
597 1955 743 2036 insignes
769 1970 845 2016 tane
868 1947 1177 2027 animadversiones,
1234 1945 1337 2030 possit
1365 1949 1524 2029 stabiliri,
1554 1971 1621 2013 uon
1643 1954 1978 2036 reperit-hissenus.

435 2056 555 2144 quihus
576 2055 781 2120 doctissimus
805 2055 936 2116 Messon
964 2051 1091 2136 anglus
1119 2051 1179 2116 ho-
1218 2046 1324 2117 ,ldem
1343 2049 1472 2116 ridetur
1490 2051 1545 2115 hic
1563 2051 1663 2116 scitae
1683 2055 1864 2120 Antiochus
1882 2059 1979 2122 Gom·

435 2179 510 2222 rum
531 2178 651 2240 regum
670 2169 831 2218 monetam
854 2151 1037 2218 illustravit.
1070 2153 1177 2235 Hujus
1233 2169 1411 2232 maganus,
1445 2153 1501 2238 qui
1529 2153 1688 2238 Pompeio
1716 2157 1757 2220 ad
1783 2157 1980 2224 Pharsalum

435 2279 518 2344 crgo
534 2259 598 2324 viri
613 2257 808 2322 ornatissimi
822 2255 954 2342 ingenio
969 2267 1177 2336 posterorum
1233 2251 1350 2315 auxilia
1370 2251 1503 2315 adduxit
1518 2255 1559 2336 ο)
1592 2255 1742 2321 Seriusa
1763 2261 1810 2323 tt
1829 2261 1978 2326 Antonio

433 2359 626 2424 industriam
654 2370 833 2440 occupante
855 2357 943 2422 aliud
970 2377 1037 2419 non
1063 2369 1208 2433 restat·
1205 2352 1404 2418 Samosatis
1426 2354 1578 2418 obsessus
1599 2377 1676 2420 mox
1699 2359 1734 2420 in
1754 2359 1856 2423 litlem
1880 2383 1977 2441 rece·

300 2461 307 2470 '
434 2482 530 2552 quam
557 2459 939 2542 ut,quae1u·aeclare‚
979 2458 1176 2544 sedcopio·
1230 2441 1466 2538 ptusesthC
1484 2457 1558 2538 718.
1574 2453 1618 2540 d).
1647 2458 1735 2550 Quid
1754 2481 1796 2524 co
1814 2462 1976 2568 deinceps

434 2563 502 2625 sius
533 2562 733 2635 dictaverat,
764 2559 1013 2635 contrahamus,
1042 2559 1175 2622 insertis
1230 2555 1365 2632 lactum,
1388 2555 1638 2642 incompertum.

431 2683 495 2748 per
510 2659 680 2726 intervalla
698 2660 804 2724 numia
819 2659 947 2744 Haymii
968 2672 1074 2726 rotate
1094 2680 1174 2723 non·
1286 2656 1551 2740 HujusAutiochi
1566 2673 1600 2724 et
1612 2663 1819 2746 sequentium
1831 2663 1976 2732 duorum

432 2765 510 2826 dum
528 2759 728 2846 compertis..
1230 2750 1294 2820 hoc
1319 2759 1452 2822 nomine
1474 2763 1711 2848 Commagenes
1731 2785 1863 2850 regom
1881 2773 1975 2832 numi

496 2865 620 2926 Numor
644 2861 734 2946 regis
759 2863 872 2940 Sami,
903 2881 1000 2948 quem
1022 2861 1173 2927 nonnulli
1229 2855 1363 2936 incerti,
1385 2875 1418 2923 at
1434 2861 1521 2925 sorte
1538 2863 1579 2926 ad
1596 2863 1656 2928 hot
1674 2869 1844 2950 pertinent
1862 2871 1974 2957 aliqui,

433 2965 662 3050 Commagenis
685 2963 820 3048 regibus
844 2977 1038 3040 accensent,
1061 2965 1096 3026 in
1111 2964 1173 3030 Ar
1230 2979 1286 3044 qur
1276 2957 1509 3026 inhnticcho
1525 2963 1581 3030 lV.
1604 2964 1845 3038 describentur.

432 3068 562 3132 taenias
578 3087 695 3150 regum
712 3080 843 3130 moneta
864 3065 1088 3151 produximus.

794 3233 813 3272 .
1377 3173 1765 3276 utruutnarns-
1790 3215 1817 3280 1.

691 3279 712 3320 fi
897 3281 917 3318 1

494 3369 659 3464 Quamdiu
681 3371 874 3434 Seleucides
895 3371 1009 3454 Syriae
1032 3389 1171 3454 regnum
1284 3369 1374 3431 lator
1390 3389 1488 3452 reges
1503 3369 1667 3440 socioshl.
1679 3377 1816 3442 Antonii
1831 3381 1868 3443 in
1881 3381 1973 3445 hello

430 3489 585 3550 tenuere,
603 3475 642 3536 iis
660 3486 693 3536 ct
707 3474 926 3556 Commagene
940 3472 1083 3556 subjecta
1097 3473 1169 3538 tuit.
1227 3469 1359 3533 Actiaco
1386 3469 1537 3553 proditor
1560 3496 1579 3536 a
1603 3475 1792 3542 Plutarcho.
1829 3481 1884 3544 Dc
1901 3484 1974 3564 ejus

428 3577 571 3639 Lucullo
594 3574 770 3658 Tigranem
798 3573 972 3638 Armenias
999 3587 1033 3638 ct
1057 3573 1170 3656 Syriae
1227 3569 1498 3653 reliquajortuna
1515 3593 1584 3635 non
1603 3593 1738 3644 conarer.

429 3699 547 3760 regem
565 3675 861 3760 urgentsuDionc
880 3675 920 3739 ad
937 3697 1055 3740 aunum
1072 3677 1114 3744 V.
1132 3677 1169 3744 C.
1288 3673 1374 3736 Hurc
1387 3673 1568 3738 mahadan
1580 3679 1751 3744 Massonns
1763 3702 1900 3744 numum
1913 3686 1976 3744 trr-
2078 3701 2079 3724 ι

325 3829 333 3838 .
432 3781 505 3844 tce.
522 3790 720 3842 memoratur
736 3777 974 3862 Commagenes
994 3797 1056 3842 rcx
1225 3773 1390 3836 hueutlum
1412 3789 1520 3858 putat,
1552 3799 1650 3863 quem
1676 3783 1887 3877 nongenties
1910 3787 1974 3844 tti-

397 3883 402 3894 ·
1131 3919 1143 3938 .
1226 3873 1976 3964 thridatihtmeniaeregircstitucnrlumcon·

614 4013 928 4085 ANTtocffirs
958 4019 984 4082 L
1225 3976 1370 4058 iicimus,
1392 3992 1428 4044 ut
1449 3979 1582 4046 dictum.

461 4137 464 4144 Ι
494 4178 602 4272 Quem
615 4181 771 4244 Lucullus
783 4181 870 4246 victo
886 4181 1040 4263 Tigrane,
1057 4181 1170 4266 captis·
1404 4219 1529 4282 ΑΝΉ
1539 4221 1570 4286 0
1580 4223 1715 4292 CHVS
1748 4227 1788 4287 Π·

432 4302 495 4366 que
510 4281 756 4363 Tigranocertis
772 4283 804 4343 iu
821 4283 919 4345 iidem
937 4281 1075 4364 recepit.
1104 4283 1170 4364 ap-

428 4382 645 4466 pianurhunc
663 4382 858 4444 Antiochum
881 4385 1020 4465 primum
1038 4405 1055 4445 a
1073 4385 1168 4445 Pom·
1298 4383 1378 4468 Ejus
1411 4389 1560 4451 meminit
1588 4391 1654 4453 Dic
1678 4355 1735 4471 e).¹
1772 4391 1978 4457 Octavianus

429 4485 505 4566 pejo
522 4483 659 4567 petitum
676 4481 782 4559 hello,
805 4479 923 4546 deinde
942 4478 1029 4545 inter
1045 4483 1166 4546 amicos
1223 4485 1360 4550 Romam
1382 4490 1519 4552 accitum
1539 4491 1646 4554 occidi
1665 4491 1760 4574 jussit
1778 4495 1819 4563 V.
1829 4495 1864 4558 C.
1882 4497 1978 4576 725„

481 4611 1970 4640 Ἣ

464 4687 495 4754 a)
514 4689 599 4742 Tora.
616 4687 639 4743 1.
659 4701 761 4764 p.113.
782 4685 829 4745 cd.
849 4687 938 4758 Vind.
1017 4689 1052 4756 hl
1072 4692 1102 4749 in
1117 4693 1214 4752 llithr.
1262 4699 1325 4768 sc)
1345 4697 1558 4760 CsssarhC.
1579 4701 1612 4758 L.
1626 4701 1677 4760 111.
1699 4721 1725 4758 c.
1741 4711 1767 4764 lt.
1852 4702 1885 4772 d)
1904 4703 1976 4758 Dio

428 4769 460 4826 l..
476 4771 578 4830 xttx.
598 4775 622 4845 l·
634 4787 678 4836 22·
753 4779 783 4850 e)
803 4777 835 4834 L.
849 4777 909 4840 tlt.
930 4780 955 4848 §·
972 4787 1017 4842 43.
