4160 5454
417 557 488 642 tao
800 529 805 542 ’
887 495 1081 666 napea
1130 539 1471 617 caetratae.

485 725 593 806 Caput
606 719 770 784 Mercurii
779 717 987 800 prominente
1002 727 1092 778 retro
1107 731 1163 776 ca·
1217 713 1372 778 Straboni
1386 726 1421 779 et
1430 711 1603 796 Polyaeno
1618 727 1841 796 memorantur
1852 711 1962 780 Atta·

419 831 533 892 ducac.
562 819 587 883 ἲ
615 811 880 886 ΒΑΣΙΛΕΩΣ.
908 809 1161 880 ΑΜΤΝΤΟΤ.
1218 819 1311 880 toria
1327 829 1361 880 et
1378 817 1584 879 Eratiaoria·
1599 815 1744 880 Galatiae
1763 837 1822 881 seu
1845 825 1962 880 tetram

423 929 602 993 Cadurcus.
623 921 693 984 Aa.
709 923 764 986 lll.
787 917 922 1005 (Spanh.
940 919 963 982 l.
980 918 1026 999 a.)
1218 916 1318 994 eltae,
1339 937 1400 981 ten
1416 915 1545 998 reguli,
1561 929 1597 979 ut
1612 917 1743 983 Caesari
1757 919 1962 994 Dumnorix,

482 1024 648 1094 Viderunt
675 1025 739 1103 iam
770 1023 831 1088 viri
863 1017 1001 1094 eruditi,
1031 1015 1163 1082 nomina
1221 1021 1492 1102 Vercingetorix,
1513 1018 1827 1084 AmbioriaGsliise
1842 1017 1964 1104 reguli.

419 1131 593 1204 Bitoot'us,
612 1127 772 1201 Ritucus,
791 1121 1009 1196 comatulus,
1026 1121 1166 1203 Psamy-
1217 1119 1308 1182 Alibi
1326 1119 1445 1184 Strabo
1467 1133 1578 1183 namot
1592 1123 1641 1202 ³),
1662 1143 1682 1186 a
1699 1121 1856 1186 Romanis
1874 1121 1965 1183 datas

419 1244 470 1296 tes
481 1228 656 1296 barbarum
677 1225 755 1312 quid
770 1242 886 1287 sonare
901 1241 920 1285 s
938 1219 1085 1286 Graecae
1102 1221 1163 1283 lin·
1217 1220 1320 1288 fuisse
1340 1221 1463 1308 aliquas
1480 1221 1579 1285 urbes
1597 1221 1739 1312 Tsaoepe
1765 1217 1881 1308 iurafg
1901 1239 1962 1285 rm

420 1353 504 1418 guae
527 1328 696 1394 illecebris
714 1325 838 1412 oppido
858 1321 1027 1389 abludere.
1067 1321 1161 1416 Quae
1217 1305 1255 1387 ha
1269 1345 1452 1410 τπραρχηιυ
1467 1346 1556 1409 perae
1578 1345 1635 1386 ror
1648 1319 1820 1403 reare»,
1849 1325 1965 1409 Tepor-

420 1427 516 1500 causa
529 1431 610 1507 init,
628 1449 687 1493 cnr
703 1430 852 1510 Begerus
867 1445 983 1488 numos
997 1446 1073 1490 suos
1086 1425 1161 1488 Gal·
1216 1431 1257 1510 gi
1276 1431 1441 1510 dynastae
1463 1428 1597 1490 cuidam
1619 1427 1816 1491 tetrarchias·
1831 1429 1968 1510 generis

417 1537 461 1600 lis
477 1519 702 1599 Arvernorum
717 1528 852 1614 regibus
867 1527 1060 1591 tribuendos
1073 1541 1165 1611 puta·
1224 1529 1444 1605 Galatarum,
1465 1540 1498 1590 st
1513 1525 1600 1590 sorte
1615 1549 1677 1610 pro
1692 1527 1834 1616 Tsroepr
1852 1531 1967 1612 legen·

419 1651 483 1702 ret.
523 1636 649 1704 Verum
675 1629 904 1696 contradixere
926 1627 1098 1692 Bimardus
1128 1640 1164 1690 et
1220 1629 1297 1692 dnm
1318 1627 1508 1714 Armoperpa,
1526 1629 1577 1693 sic
1597 1643 1634 1694 ut
1653 1643 1763 1694 rectus
1784 1632 1826 1694 sit
1849 1631 1968 1694 Arsao-

418 1737 618 1803 Pellerinius
633 1755 675 1799 eo
692 1733 868 1818 praecipue
883 1751 925 1795 ex
941 1730 1058 1813 capite,
1075 1728 1164 1814 quod
1220 1731 1289 1812 ριξ,
1313 1731 1494 1812 Atcport'a.
1517 1731 1637 1796 Facem
1657 1734 1804 1816 praefert
1822 1753 1970 1796 marmot·

419 1841 456 1902 id
470 1860 574 1926 genua
588 1835 678 1899 numi
692 1836 726 1896 in
739 1833 845 1900 Gallia
859 1853 925 1896 non
942 1831 1164 1914 repatiantur,
1221 1835 1427 1914 Aneyramm
1450 1831 1583 1896 citatum
1610 1857 1629 1898 a
1650 1833 1899 1898 blontfsueonio
1923 1833 1968 1916 l³),

420 1957 455 2008 et
469 1961 550 2026 qnos
570 1939 690 2001 habent
707 1955 818 2000 musea
837 1933 963 2014 Gallica
985 1953 1028 1995 ex
1044 1933 1165 1996 Orien-
1221 1935 1256 1995 ia
1278 1953 1343 2018 quo
1367 1933 1508 2017 legitur:
1538 1931 1766 1998 ΑΛΒῙΟΡΙΞ.
1790 1930 1971 1997 etteno-

422 2059 458 2108 te
481 2061 595 2106 omnes
612 2041 740 2104 advecti
762 2037 866 2100 luere.
898 2037 1084 2098 Tamen-at
1107 2055 1166 2099 eos
1221 2027 1403 2100 ΡΕΙΓΟΣ.
1432 2036 1596 2098 Albiort'a
1618 2038 1814 2119 Ateporigis
1832 2038 1871 2101 F.
1902 2039 1970 2100 Ne·

421 2145 525 2210 Gallis
549 2139 730 2224 Europaeis
756 2138 968 2212 ademerunt,
996 2137 1109 2200 alteris
1131 2135 1165 2198 ia
1223 2157 1287 2222 que
1307 2135 1496 2200 discordant
1512 2148 1673 2218 tempora.
1697 2137 1815 2200 Strabo
1833 2135 1972 2200 adcura-

421 2247 498 2309 Asia
513 2245 642 2306 minore
661 2239 775 2326 positia
798 2259 872 2304 esse
894 2239 1046 2322 proprios
1071 2239 1166 2302 adlit·
1223 2253 1338 2303 teron
1356 2235 1488 2314 delinit,
1506 2257 1571 2321 quo
1585 2239 1896 2324 tempore'l'eporgi
1909 2259 1969 2302 auo

420 2367 512 2412 mare
536 2365 602 2409 non
627 2345 865 2410 dubitaverunt.
903 2340 971 2402 Rea
994 2339 1166 2422 invulgat
1224 2337 1283 2430 e'ae
1300 2337 1399 2402 nrbes
1411 2339 1630 2418 accesserint3
1645 2342 1689 2404 ait
1700 2355 1834 2420 tantum,
1847 2343 1971 2406 iactum

421 2465 521 2524 nota,
556 2447 722 2530 Phrygiae
763 2455 890 2527 partem
923 2441 1166 2524 Paphlagoniae
1224 2441 1311 2505 istud
1332 2455 1407 2524 post
1431 2439 1579 2523 priorem
1600 2441 1751 2525 Pompeii
1772 2447 1816 2506 hl.
1838 2441 1975 2508 divisio·

423 2547 660 2616 conterminam
690 2544 862 2607 habitatam
888 2539 989 2604 faisse
1020 2563 1039 2603 a
1065 2541 1167 2604 Gallis
1224 2565 1312 2608 neta.
1345 2545 1492 2606 Marmor
1514 2543 1720 2626 ancyranum
1743 2547 1887 2631 positum
1909 2547 1972 2610 fait

426 2673 469 2716 ex
503 2648 611 2714 ‚Gallia
654 2647 827 2728 Europaeo
867 2641 1075 2719 adventitiis,
1111 2642 1167 2726 qui
1205 2643 1285 2708 ‘snb
1297 2645 1541 2720 Tiberio,nam
1559 2646 1593 2706 in
1609 2667 1651 2710 eo
1666 2649 1972 2726 refertur,adicto

423 2764 595 2838 postquam
626 2745 767 2831 primam
791 2745 987 2821 Thraciam,
1015 2741 1168 2832 Macedo·
1226 2747 1398 2830 Albiorige
1420 2746 1540 2829 positas
1559 2747 1660 2812 luisse
1677 2763 1798 2815 statuas
1814 2754 1975 2816 Caesaris
2078 2727 2079 2734 ἵ

423 2855 537 2928 niara,
573 2863 607 2914 et
647 2867 796 2930 magnam
825 2846 984 2910 Graeciae
1023 2858 1167 2929 partem,
1224 2849 1286 2932 (ao.
1309 2849 1451 2930 Tiberii)
1480 2862 1515 2912 et
1537 2849 1647 2914 Iuliae
1673 2853 1875 2935 Augustae,
1915 2855 1973 2938 qui

423 2953 545 3022 deinde
564 2951 818 3031 Hellespontum
844 2947 1040 3032 transgressi
1057 2948 1169 3010 Asiam
1226 2951 1309 3015 adeo
1324 2950 1477 3012 Albiorix
1498 2949 1595 3014 lacile
1618 2973 1691 3016 esse
1711 2953 1858 3038 potuerit
1883 2953 1973 3024 filius

424 3059 588 3121 minorem
610 3049 763 3116 caedibus
786 3063 820 3112 et
838 3049 999 3114 incendiis
1024 3049 1169 3133 comple·
1227 3053 1298 3134 ejus
1322 3051 1534 3134 Ateporigis,
1555 3055 1589 3116 in
1607 3076 1705 3138 quem
1725 3056 1848 3120 dictum
1869 3079 1889 3120 a
1910 3059 1977 3120 Ro·

424 3179 523 3234 vere,
544 3153 675 3220 tandem
694 3165 728 3214 et
747 3150 811 3234 ipsi
827 3171 901 3216 oum
921 3150 1085 3228 victoriis,
1100 3166 1169 3216 tum
1227 3153 1330 3216 manis
1348 3153 1546 3216 beneficium
1567 3154 1630 3217 luit
1648 3157 1817 3230 collatum,
1847 3159 1903 3222 Ex
1928 3173 1979 3224 te·

426 3259 575 3326 cladibus
611 3253 713 3318 attriti
750 3255 921 3318 imminuto
950 3273 1085 3316 tuorum
1113 3275 1172 3316 nu·
1227 3255 1389 3320 trarohica
1407 3257 1505 3318 etiam
1520 3257 1706 3322 Galatarum
1725 3261 1828 3345 stirpe
1852 3259 1979 3323 aStra·

427 3381 523 3430 mero
553 3357 649 3424 sedes
676 3355 739 3418 tibi
772 3357 807 3417 in
829 3355 893 3446 hoo
920 3369 1025 3420 tractu
1046 3376 1106 3418 seu
1126 3355 1170 3432 vi,
1228 3355 1315 3420 bone
1337 3357 1490 3440 proditur
1518 3361 1720 3444 Adobcgiort
1743 3363 1795 3444 ⁰),
1826 3360 1924 3428 obvia
1942 3365 1979 3424 in

430 3485 491 3532 seu
528 3457 777 3527 connitentibus
812 3457 927 3524 vicinis
964 3469 1171 3540 paraverant,
1228 3457 1394 3524 vocabulis
1404 3459 1540 3524 Gallicis
1554 3463 1804 3544 terminatione;
1821 3465 1869 3527 aic
1890 3465 1981 3526 Toli-

430 3568 486 3652 qni
506 3560 643 3628 subinde
665 3584 684 3623 a
704 3559 796 3624 novis
818 3559 934 3624 incolis
953 3559 1081 3624 Graece
1106 3557 1173 3622 Go-
1229 3562 1361 3643 stobogi
1378 3561 1524 3624 Galatiae
1543 3564 1694 3647 populus.
1736 3566 1792 3629 Sic
1814 3565 1848 3627 in
1873 3585 1980 3628 numo

428 3673 540 3744 lotio,
569 3662 686 3728 Latine
718 3661 956 3744 Gallograecia
992 3661 1173 3747 appellatas
1230 3659 1356 3726 Galliae
1365 3663 1570 3746 Europaoae,
1587 3653 1685 3751 quem
1697 3667 1776 3730 olim
1784 3669 1918 3752 vulgavi
1934 3665 1984 3748 d),

430 3783 508 3846 eat,
538 3765 660 3832 &daus
693 3784 735 3828 ex
755 3762 862 3848 patrio
891 3763 1088 3848 populorum
1117 3783 1174 3828 no·
1229 3764 1353 3849 legitur
1377 3762 1676 3832 TOTTOBOCIO.
1698 3769 1795 3838 Vnde
1816 3769 1983 3834 verisimi-
2078 3813 2079 3826 ,

430 3873 520 3936 mine
539 3869 573 3930 in
598 3868 809 3948 Tectosages,
838 3865 1009 3942 Trocmos,
1036 3867 1175 3930 Tolisto·
1230 3865 1264 3930 le
1279 3879 1347 3930 tum
1364 3887 1576 3947 censueram,
1600 3871 1873 3948 Teutobodiaoos‚
1897 3891 1985 3956 quos
2078 3853 2079 3918 ἶ

433 3975 545 4054 logos.
561 3970 654 4032 Hanc
667 3966 765 4049 hujus
778 3966 884 4050 gentis
898 3963 1029 4030 sGallia
1041 3981 1175 4032 tractam
1230 3967 1357 4032 Plinius
1391 3971 1426 4033 in
1462 3971 1608 4036 Galatiae
1650 3971 1779 4056 populis
1818 3974 1985 4052 nominat,

435 4071 598 4156 originem
615 4069 678 4132 etsi
693 4067 911 4132 dissimularet
925 4067 1174 4146 historiscerts,
1231 4069 1319 4134 lorte
1355 4071 1513 4137 mendoso
1553 4073 1692 4156 scriptoa
1728 4093 1790 4157 pro
1817 4075 1987 4139 Toutobo-

435 4173 513 4240 aatis
534 4189 698 4256 superque
725 4170 908 4252 proderent
936 4172 1010 4253 ipsa
1034 4171 1175 4234 uomina.
1229 4174 1318 4255 gius.
1340 4173 1408 4240 Sed
1427 4177 1564 4240 nimium
1583 4195 1721 4252 exerro,
1743 4175 1872 4262 quando
1891 4175 1987 4240 istud

436 4275 523 4342 Satis
541 4283 686 4346 constat,
708 4273 907 4356 Tectosages
927 4273 1028 4336 luisse
1051 4273 1084 4334 in
1101 4270 1176 4334 Gal·
1232 4293 1333 4338 unum
1353 4275 1495 4360 probare
1535 4279 1794 4360 constituerant,
1827 4299 1870 4342 ex
1900 4277 1989 4364 ipsis

434 4379 501 4455 lia,
522 4389 556 4440 et
571 4373 732 4438 habitasse
751 4387 888 4457 propter
905 4375 1077 4451 Tolosam,
1095 4391 1177 4456 quos
1233 4377 1419 4442 nominihus
1452 4399 1515 4463 per
1541 4379 1710 4444 Galatiam
1747 4380 1853 4446 obviis
1891 4379 1992 4448 inco-

438 4479 573 4544 eoadem
613 4475 647 4536 in
680 4473 805 4538 Galatis
846 4495 976 4560 quoquo
1019 4475 1177 4558 reperias.
1233 4475 1287 4574 les
1309 4499 1352 4543 ex
1373 4481 1480 4544 Gallia
1501 4483 1676 4568 Europaeo
1705 4481 1873 4548 traductos
1906 4503 1992 4548 con-

476 4705 506 4847 l)
523 4701 631 4850 Lim
649 4721 679 4779 p.
701 4706 815 4768 aeae.
890 4701 925 4774 b)
943 4699 1095 4780 Palaeogr.
1115 4697 1223 4762 Graec.
1240 4721 1272 4779 p·
1292 4715 1351 4770 ast.
1427 4707 1603 4780 o)L.Xlll.
1621 4727 1653 4785 p.
1669 4727 1708 4766 m.
1723 4721 1786 4785 927-
1844 4707 1992 4783 d)Num.

441 4808 476 4848 ’θ
493 4831 500 4845 ·
518 4809 595 4869 Ρ··
726 4857 729 4867 .
