4238 5460
781 552 1063 642 PHRYGIA.·
1384 624 1393 636 ,
1624 581 1693 660 259
1760 639 1763 648 Ι

141 744 218 790 nem
234 721 326 810 apnd
340 741 378 786 se
395 719 538 788 evasisse
552 716 758 804 dejerabant,
770 719 893 804 placuit
949 733 1014 786 test
1029 720 1204 806 applicari,
1222 725 1342 810 qnod
1330 747 1394 808 pam
1409 729 1512 792 multo
1529 743 1603 794 ante
1617 751 1696 796 eon·

141 825 204 890 sibi
221 824 390 911 applicare
408 822 575 904 historiam
592 820 728 900 Noemi,
755 821 818 887 etri
836 843 894 907 pe·
949 836 1083 910 questus
1109 836 1159 888 est
1183 839 1297 890 auctor
1315 827 1442 892 libril.
1465 833 1632 898 Mnoehab.
1653 836 1710 915 )..

141 927 277 1014 regrina
294 923 491 990 anctoritate
507 927 628 990 nixam.
938 928 1192 1008 dependerunt
1223 927 1326 992 libros
1359 933 1463 1014 legis,
1500 935 1541 997 de
1577 937 1697 1014 quibus

203 1027 274 1092 Sed
298 1026 389 1090 enim
409 1021 606 1090 incredibile
627 1024 734 1088 ιίιιιιιι
754 1027 893 1088 nonnul·
947 1041 1179 1092 scrutarentur
1192 1039 1309 1110 gentes
1323 1033 1580 1100 similitudinem
1594 1039 1696 1100 simu·

142 1131 203 1206 lia,
233 1142 333 1214 atque
360 1127 424 1192 hoa
444 1126 531 1190 inter
559 1124 689 1206 erudito
715 1126 894 1205 Milles,a
949 1129 1117 1192 locrorum
1135 1149 1281 1191 suorum.
1302 1131 1436 1216 Alioqui
1453 1154 1495 1214 ex
1513 1132 1607 1198 libris
1624 1138 1695 1202 Mo·
1720 1213 1722 1220 Ι

142 1230 283 1294 Graecis
297 1230 418 1294 Noemi
432 1249 542 1294 cesum
557 1228 593 1320 11ἱιι
608 1249 780 1292 rumorum
799 1249 894 1313 argn-
950 1229 1045 1294 eaiois
1060 1226 1161 1291 multa
1176 1230 1303 1312 cepisse
1318 1253 1385 1295 non
1399 1233 1498 1298 modo
1513 1236 1695 1317 Platonem,

141 1347 290 1398 mentum
315 1333 456 1408 lectum,
478 1347 629 1416 tanquam
651 1331 698 1396 sie
720 1329 893 1414 religionis
950 1331 1006 1416 qni
1034 1329 1212 1414 propterea
1239 1327 1367 1408 Μωσης
1397 1333 1558 1418 ἀττικιζωι
1588 1338 1707 1407 dietus.

144 1435 297 1500 Iudaicae
316 1433 435 1498 dietata
433 1432 692 1518 adprobarent,
719 1445 753 1496 et
772 1432 904 1516 ample.
950 1445 1017 1509 est,
1048 1431 1107 1494 sed
1129 1445 1163 1496 et
1183 1432 1290 1516 ipsum
1310 1434 1547 1520 Pythagoram,
1577 1459 1694 1522 graves

143 1550 336 1614 orerentur,
371 1535 477 1598 multo
508 1552 590 1598 uero
620 1533 727 1596 minue
756 1553 892 1600 ausuros
948 1533 1106 1597 habemus
1126 1555 1167 1596 ex
1185 1535 1353 1600 veteribus
1369 1550 1492 1616 testea,
1517 1553 1554 1604 ut
1578 1542 1696 1607 videro

143 1640 229 1702 istud
260 1638 364 1700 sumre
394 1637 578 1720 imperante
608 1635 753 1710 Severo,
794 1653 892 1718 quem
949 1635 1035 1721 epod
1051 1635 1233 1698 Menoeium
1250 1636 1296 1717 d).
1656 1699 1660 1708 ,

143 1738 363 1804 Christiania
354 1758 501 1824 impense
516 1734 643 1800 inisse
633 1735 799 1800 rnimioum
816 1755 904 1798 eou-¹
1011 1739 1103 1802 Haec
1116 1736 1284 1802 liberalius
1300 1737 1480 1821 disputasse
1493 1709 1695 1828 nequequam

144 1856 217 1906 stat.
248 1841 353 1931 Quasi
373 1859 472 1916 vero,
492 1837 585 1902 lubet
606 1837 656 1899 hie
677 1835 892 1921 respondere,
949 1839 1119 1922 indignum
1138 1841 1262 1917 vitum,
1285 1838 1372 1923 quod
1391 1841 1508 1904 horum
1526 1865 1697 1930 argumen-

143 1943 318 2027 religionia
337 1962 433 2007 cansa
454 1954 584 2026 egetur,
605 1939 633 2002 si
653 1936 784 2003 fidem
774 1959 895 2022 imper-
951 1953 1020 2004 tum
1039 1961 1212 2004 numerum
1234 1962 1276 2006 ex
1298 1941 1483 2026 praecipuit
1505 1966 1605 2009 unum
1630 1963 1697 2025 est,
1752 1977 1753 1980 ¹

143 2047 207 2109 tiar
227 2045 318 2108 iacto
340 2042 468 2108 onidam
496 2041 671 2117 historico,
699 2039 788 2125 qnod
817 2040 894 2104 alie·
952 2043 1005 2106 oui
1028 2043 1223 2126 explicando
1250 2043 1344 2108 crisie
1367 2045 1589 2112 numismatiea
1611 2051 1697 2114 utili-

143 2166 206 2210 nae
237 2159 352 2210 aeetae
377 2144 521 2228 scriptor
548 2143 703 2226 prodidit.
741 2143 815 2206 Non
836 2161 894 2227 po-
952 2155 1004 2206 ter
1023 2142 1229 2211 immoretur.

143 2261 253 2312 terant
282 2247 487 2336 Apamenses
518 2245 669 2309 eonrinoi
701 2244 894 2328 impietatis,
1207 2275 1228 2314 a
1703 2313 1707 2320 .

145 2371 172 2412 ιι
162 2347 371 2413 credidere
385 2347 471 2412 Most
486 2347 665 2425 adserenti,
683 2345 813 2426 fuisse
803 2366 837 2408 ιιι
853 2365 896 2409 eo
1016 2341 1256 2413 MAPCTAC.
1289 2343 1556 2416 ΑΠΑΜΕΩΝ.
1604 2354 1699 2416 Mur·

145 2463 256 2516 traetn
281 2450 452 2538 ingentem
481 2461 634 2534 aquarum
663 2447 822 2525 eluviem,
851 2461 895 2512 at·
952 2467 1035 2532 syon
1049 2451 1157 2512 nudus
1174 2463 1270 2512 stans
1282 2450 1448 2534 fluitante
1471 2471 1493 2512 a
1513 2463 1607 2532 tergo
1625 2453 1700 2533 pal

145 2572 213 2634 que
242 2571 286 2614 ex
316 2549 484 2614 communi
511 2549 605 2614 clade
633 2561 798 2613 servotum
822 2549 894 2612 Noe
950 2550 1034 2632 liolo
1057 2551 1142 2613 dues
1165 2551 1271 2614 tibias
1293 2555 1438 2628 animat,
1461 2549 1495 2610 in
1519 2571 1618 2626 numo
1634 2552 1703 2614 He·

144 2672 358 2734 enm-nxore
387 2665 422 2716 et
447 2649 582 2727 liberis,
612 2651 789 2735 praecipue
819 2667 894 2718 eum
951 2649 1068 2716 driani.

143 2773 247 2818 nemo
269 2773 385 2832 ιιιιιιι,
406 2767 441 2816 et
461 2766 744 2838 quantumcunque
766 2752 894 2818 ludaeis
1013 2755 1061 2816 Ιιι
1082 2751 1172 2816 hone
1190 2767 1317 2836 typum,
1349 2751 1439 2835 enjus
1467 2751 1607 2817 similem
1635 2756 1700 2837 jam

143 2855 301 2920 inimicus
320 2852 458 2918 inficiari
475 2869 587 2938 posset
605 2855 830 2942 antiquitatem
847 2870 895 2920 te·
951 2877 1049 2938 sopra
1076 2855 1109 2916 in
1137 2854 1319 2918 autonomie
1348 2853 1517 2934 dedimus,
1544 2875 1590 2936 ‚ex
1617 2856 1710 2924 inte,

142 2955 377 3021 stimoniorum
398 2955 628 3026 Mosaioorum.
665 2957 733 3020 Sed
754 2955 828 3022 eum
849 2957 895 3038 fa7
952 2976 1014 3040 gro
1043 2975 1102 3018 suo
1131 2957 1286 3038 proponit
1312 2944 1510 3020 Pellerinius
1536 2959 1577 3038 ι).
1612 2957 1701 3024 Vuil·

142 3059 211 3123 etia
232 3057 379 3122 habuere
395 3054 514 3134 fldem,
537 3077 604 3120 non
623 3073 801 3144 propterea
818 3079 907 3128 oon,
952 3047 1071 3120 lentius
1090 3056 1123 3118 in
1144 3057 1243 3118 simili
1260 3060 1421 3140 Marsyam
1442 3079 1505 3142 pro
1523 3059 1699 3142 Apolline,

142 3181 286 3224 sensere
312 3181 384 3224 cnm
412 3177 528 3222 eorum
555 3161 676 3240 oensis,
711 3181 793 3247 quae
821 3180 896 3224 enm
954 3157 1051 3220 tibias
1069 3177 1131 3242 pro
1153 3158 1288 3238 baculo,
1318 3157 1491 3232 amiculum
1517 3178 1578 3243 pro
1606 3159 1708 3242 pelle'

144 3262 315 3347 religione
332 3262 465 3346 propius
483 3275 732 3326 connectuntur.
754 3262 810 3326 stc
825 3283 898 3328 ere·
954 3261 1121 3343 Marsyae,
1150 3279 1232 3346 quae
1255 3281 1296 3323 ex
1317 3260 1404 3324 dioto
1433 3261 1550 3325 baculo
1579 3259 1702 3344 pende·

145 3365 259 3428 dimna
277 3361 451 3428 Christiani
469 3366 602 3428 Zosimo
621 3363 803 3441 adserenti,
831 3365 907 3436 tto,
954 3375 1026 3440 ret,
1059 3362 1181 3428 habuit.
1225 3361 1315 3426 ldem
1341 3365 1485 3446 Marsyas
1516 3363 1613 3426 etiam
1636 3361 1702 3448 ⁴liat·

147 3467 466 3548 manamimperium
479 3485 612 3548 semper
624 3465 661 3528 in
673 3466 767 3550 pejus
779 3465 896 3542 ruisse,
956 3464 1044 3548 gitur
1064 3465 1099 3525 in
1119 3484 1218 3528 numo
1241 3463 1365 3543 Getae,
1397 3485 1494 3549 quem
1519 3486 1561 3528 ex
1586 3483 1701 3528 museo

147 3584 184 3634 at
199 3589 356 3654 negamus
372 3566 497 3631 homini
512 3567 628 3658 iidem,
644 3566 715 3650 ejus
733 3567 810 3630 mali
826 3586 903 3630 oan-
953 3564 1108 3629 Medieeo
1125 3565 1214 3630 edidi
1236 3564 1282 3649 s),
1303 3569 1414 3630 nudus
1428 3569 1574 3630 inridens
1589 3585 1701 3646 scopu·

146 3691 219 3736 ean
247 3669 290 3733 ab
314 3669 405 3732 iretis
437 3681 574 3753 propter
601 3667 771 3752 neglectos
801 3667 898 3731 ludos
953 3668 1001 3750 lo,
1016 3669 1049 3730 d.
1065 3681 1179 3731 tenens
1195 3670 1420 3746 cornucopiae,
1435 3688 1463 3728 s.
1477 3667 1573 3728 binas
1589 3667 1701 3730 tibias.

147 3770 338 3836 saeculares
359 3770 422 3834 diis
444 3770 622 3852 repetenti.
654 3767 752 3863 Quod
774 3768 802 3830 si
824 3789 900 3851 pro·
952 3767 1231 3852 Perstringendus
1260 3767 1314 3830 hie
1342 3766 1472 3840 iterem
1490 3765 1709 3842 Vaillautius,

144 3889 267 3957 pterea
284 3871 442 3936 adversor
459 3871 656 3954 religionem
678 3889 832 3954 proeesse
853 3870 900 3934 ri·
955 3869 1012 3956 qui
1034 3869 1105 3952 eiua
1125 3871 1215 3931 numi
1238 3880 1350 3951 typum
1373 3869 1419 3932 sie
1435 3868 1613 3952 proponite
1644 3869 1702 3932 tu·-

145 3974 320 4038 debnntnr
344 3974 564 4058 Apamenaee,
594 3971 697 4034 multo
723 3970 825 4055 magia
850 3992 901 4034 su·
955 3991 1044 4054 gum
1069 3974 1180 4035 virilis
1206 3973 1295 4034 nuda
1324 3971 1470 4055 scopulis
1496 3973 1643 4034 insident
1670 3973 1703 4032 d.

144 4076 260 4162 aperti
289 4073 464 4160 Spartani,
502 4072 559 4157 qni
588 4091 662 4138 aeae
693 4092 736 4138 ex
764 4074 901 4137 Abrami
959 4076 1197 4154 cornucopiue,
1211 4093 1238 4136 s.
1254 4085 1414 4136 rostrum
1433 4071 1539 4155 Satyri
1553 4073 1706 4153 Marsyae

143 4179 253 4242 dome
272 4176 431 4242 oriundos
450 4173 591 4260 pablioia
608 4172 713 4238 literis
732 4189 807 4238 sont
826 4195 905 4259 pro-
958 4173 1137 4251 memorin,
1174 4197 1193 4240 a
1226 4193 1291 4258 qno
1328 4173 1431 4238 amnis
1465 4162 1703 4256 praeterfluens

145 4281 235 4346 {esai
258 4281 309 4361 ¹),
335 4278 441 4342 autin
459 4277 562 4362 patria
581 4275 807 4370 setraimpius
824 4277 904 4341 Ale·
957 4297 1079 4340 nomen
1100 4276 1214 4364 traxit,
1238 4275 1375 4338 multum
1397 4273 1482 4358 apud
1503 4277 1707 4359 Apameneee

143 4384 293 4448 :ander
295 4383 363 4456 tt..
386 4379 443 4462 qni
460 4377 608 4442 Danielis
625 4378 785 4446 vaticiniis
802 4377 903 4442 iidem
959 4378 1076 4456 valuit,
1094 4377 1135 4442 de
1153 4399 1218 4463 quo
1236 4377 1277 4442 ad
1297 4368 1429 4440 citatum
1446 4376 1549 4438 Getae
1569 4395 1706 4436 nnmons

1313 2229 1332 2268 ψ

145 4483 268 4548 nabata
282 4480 328 4566 b).
348 4481 501 4568 Denique
520 4492 555 4542 et
571 4479 636 4544 hue
656 4480 826 4564 praeclare
845 4501 904 4566 po·
959 4481 1108 4564 pluribus
1129 4480 1206 4567 egi.
1225 4478 1332 4542 Etiam
1351 4481 1510 4560 Marsyae
1519 4475 1639 4540 ssusii
1630 4495 1715 4550 reon.
1815 4481 1820 4496 '

146 4609 1695 4648 W

187 4681 779 4778 a)10⁵.mt.1uat.x11.c.r.§.1o.
831 4703 868 4778 ι)
887 4703 964 4762 tnta.
980 4701 1157 4782 exues.
1172 4706 1241 4776 ιι.
1293 4699 1557 4776 0)cnp..s.v.ts.
1613 4695 1735 4769 eJat.

143 4797 284 4871 HesJelr.
302 4792 340 4853 de
356 4793 428 4856 viris
446 4793 606 4853 clarissub
622 4793 789 4918 ῌιμηιιις.
844 4799 875 4869 e)
895 4793 1048 4872 Supplll.
1064 4801 1151 4871 p-ltt.
1207 4790 1537 4942 Ollumetbppup,
1617 4811 1624 4818 .
