4160 5454
404 603 476 669 208
905 571 1096 646 REGES
1143 571 1348 645 ARMEN
1357 571 1465 645 1A1t

408 750 590 836 principem
622 748 785 812 literatum
822 745 975 832 perhibet
1008 743 1152 806 historia.
1278 743 1384 821 Caput
1427 743 1517 803 tiara
1548 737 1717 802 ornarunt
1755 739 1780 800 t
1825 735 1957 803 ΒΑΣΙ-
2079 794 2080 815 2

408 855 494 924 Vide
518 851 696 916 Reincrurn
718 849 941 930 Reineccium.
1210 837 1363 907 ΛΕΩΣ.
1386 835 1705 906 ΑΒΑΙΣΣΑΡΟΤ.
1729 843 1872 922 Aquila.
2079 836 2080 839 ’

1273 945 1373 1008 Plura
1395 965 1462 1008 non
1485 943 1574 1007 addit
1597 943 1812 1021 Vaiiiantius,
1843 965 1953 1030 neque
2073 990 2076 1034 ἶ

1064 1097 1080 1126 e
1155 1059 1158 1066 ⁴
1211 1047 1291 1110 miii
1313 1045 1412 1110 dnbio
1440 1045 1516 1109 huic
1541 1059 1751 1110 monumento
1776 1047 1870 1109 lnbct
1896 1047 1955 1107 inr-

1212 1149 1343 1214 morari.
1383 1150 1435 1212 De
1451 1167 1550 1212 numo
1568 1147 1651 1226 alio,
1664 1157 1771 1234 'quem
1792 1149 1869 1212 hnic
1887 1151 1955 1211 Ma·

479 1259 588 1341 Caput
616 1234 704 1340 regis
737 1255 883 1336 juvenile
912 1265 1034 1318 testum
1063 1252 1156 1314 tiara
1211 1251 1321 1314 nisaro
1348 1249 1462 1314 tribuit
1491 1249 1668 1326 Coruinus,
1699 1264 1732 1314 et
1755 1249 1810 1333 qui
1833 1251 1953 1333 longae

251 1347 256 1354 ¹
372 1343 374 1348 ,
411 1363 546 1424 radiato
567 1360 758 1422 diademata
782 1369 871 1418 retro
896 1359 942 1418 nd
958 1353 1080 1418 collum
1103 1353 1156 1416 de·
1212 1353 1290 1414 olim
1310 1344 1533 1436 disputationis
1556 1372 1650 1416 causa
1672 1335 1816 1428 crithit,
1839 1366 1955 1436 agetur

398 1463 490 1548 flua.
535 1455 559 1518 ἲ
588 1449 854 1522 ΒΑΣΙΛΕΩΣ.
885 1448 1155 1516 ΒΑΣΙΛΕΩΝ.
1212 1453 1297 1517 inira
1318 1453 1352 1515 in
1374 1454 1480 1518 numia
1503 1473 1619 1540 regum
1637 1455 1839 1517 Bactrianae.

409 1595 423 1609 ·
442 1551 635 1622 ΡΤΑΤΑΣ
655 1587 695 1608 ··
718 1561 869 1622 Victoria
882 1557 1051 1638 gradiens·
1087 1554 1156 1614 AE.

344 1681 348 1688 ·
411 1663 467 1724 111.
494 1659 684 1743 (Pelierin.)

490 1763 586 1826 Patet
612 1782 653 1824 ex
679 1773 772 1824 certo
800 1758 864 1821 hoc
893 1756 983 1841 regis
1007 1757 1157 1840 Armenii

342 1849 347 1860 ¹
412 1884 534 1942 numo,
576 1862 672 1926 etism
720 1863 754 1922 in
786 1857 941 1922 Armenia
980 1859 1160 1943 inscriptos
1293 1859 1561 1925 Praevalentibns
1592 1861 1815 1924 Romanorum
1857 1861 1957 1924 armis

412 1965 540 2030 Graece
565 1985 682 2028 numos
707 1980 900 2045 percussos,
929 1973 962 2022 et
978 1959 1155 2024 Armeniae
1213 1979 1311 2044 saepe
1336 1961 1492 2024 Armenia
1520 1975 1575 2026 ant
1594 1962 1645 2024 his
1673 1963 1800 2045 paruit,
1828 1977 1883 2025 aut
1905 1983 1959 2025 re·

307 2073 312 2084 '
412 2087 512 2152 reges
536 2085 739 2150 nequaqnam
764 2081 870 2147 usqne
896 2079 938 2123 eo
963 2060 1063 2126 fuisse
1086 2063 1156 2126 sire
1214 2083 1273 2146 gea
1303 2061 1414 2124 habuit
1442 2063 1482 2126 ab
1509 2065 1564 2126 his
1591 2062 1783 2148 pendentes.
1826 2065 1958 2130 Virtam

412 2167 585 2241 Romanis,
609 2165 678 2230 sive
690 2165 823 2234 *Parthis
842 2161 1018 2240 obnoxios,
1039 2175 1155 2226 utnon
1213 2157 1402 2225 Armeniam
1418 2171 1484 2226 non
1503 2165 1598 2248 panni
1613 2179 1773 2228 testantur
1788 2165 1891 2232 nami.
1921 2169 1959 2226 ln

413 2271 574 2336 auderent
596 2266 659 2351 ipsi
685 2265 790 2350 palam
823 2261 970 2348 superbo
993 2268 1082 2346 regis
1101 2285 1158 2325 re·
1214 2263 1371 2348 quinariis
1401 2265 1543 2328 Neronis
1573 2279 1624 2329 est
1649 2267 1871 2342 ARMENIA,
1901 2265 1959 2331 ret

412 2393 492 2456 gum
530 2369 626 2433 titulo
666 2365 823 2452 gloriari,
853 2362 942 2450 quod
981 2377 1157 2448 utrumque
1214 2367 1452 2430 ARMENIAC.
1483 2367 1621 2431 Exstant
1636 2369 1726 2432 numi
1741 2368 1863 2432 Gracci
1878 2369 1959 2430 Tra·

415 2485 507 2538 recte
528 2484 641 2536 contra
657 2467 861 2534 Frolichinm
884 2465 1024 2533 advertit
1047 2466 1158 2534 Pelle·
1213 2467 1300 2550 jnni‚
1330 2481 1365 2529 et
1384 2468 1425 2534 L.
1447 2469 1530 2536 Veri
1553 2471 1639 2552 apud
1663 2469 1897 2547 Vaiilantinm,
1925 2483 1961 2532 et

415 2575 529 2641 rinius.
1213 2569 1410 2652 flamiam,
1443 2569 1478 2631 in
1500 2591 1640 2656 qnorum
1662 2593 1776 2637 aversa
1796 2573 1886 2656 juxta
1906 2593 1961 2636 va-

1213 2671 1282 2734 rios
1310 2685 1404 2754 typos
1429 2671 1588 2736 victorine
1611 2673 1826 2740 Armeniacae
1857 2686 1962 2737 testes

415 2803 671 2881 ANTpOCHvs
687 2807 743 2876 W·
766 2817 800 2868 ep
810 2803 887 2890 fill-3·
906 2804 1157 2870 EPIPHANES
1215 2775 1372 2858 Aeripium
1409 2774 1534 2857 legitur
1565 2771 1800 2840 ΑΡΜΕΝῙΑ.
1844 2773 1882 2836 ln
1912 2797 1965 2837 at·-

623 2925 657 2976 02
678 2907 949 2976 Cffllfflcvs·
1216 2889 1337 2960 gentco
1367 2873 1541 2938 drachmae
1570 2875 1720 2960 pondere
1748 2879 1801 2942 tt·
1819 2877 1962 2952 Aurelii,

553 3056 560 3068 ³
1216 2997 1316 3064 quem
1338 2997 1380 3041 cx
1402 2995 1518 3040 museo
1540 2975 1704 3042 Caesareo
1727 2977 1819 3042 edidi
1832 2975 1885 3059 b),
1915 2977 1964 3039 le-
2078 2963 2079 3000 ³

479 3081 717 3161 Commagenes
742 3073 839 3138 simul
863 3087 897 3137 et
918 3075 1020 3158 partis
1044 3074 1159 3138 Arme·
1217 3080 1304 3165 gitur
1332 3073 1516 3141 APMGN.
1546 3093 1643 3164 capto
1682 3093 1760 3164 typo
1809 3099 1852 3143 ex
1890 3101 1963 3162 syn·
2078 3069 2079 3080 ’

417 3183 490 3242 niae
508 3199 619 3262 reges.
642 3177 768 3240 Eorum
781 3197 898 3240 numos
917 3177 958 3242 ad
969 3176 1159 3240 Armeniam
1216 3179 1350 3247 chronic
1387 3177 1530 3244 denariis
1562 3181 1729 3246 Romanis.
1771 3182 1900 3251 Verum
1929 3181 1964 3242 bi

418 3280 611 3346 adludentes
637 3275 714 3345 side
738 3279 772 3340 in
793 3279 901 3342 numia
926 3298 1044 3364 regum
1065 3277 1160 3346 (icu-
1216 3281 1307 3346 numi
1327 3295 1459 3345 moneta
1476 3283 1670 3348 Armeniaca
1694 3303 1760 3347 non
1785 3297 1880 3361 sunt,
1904 3281 1964 3345 scd

419 3401 583 3470 magenes·
1217 3383 1296 3449 aiibi
1320 3385 1355 3444 in
1371 3385 1478 3467 gentis
1495 3383 1600 3450 victae
1618 3387 1808 3447 memoriam
1833 3385 1978 3470 signati„

462 3465 467 3481 ¹
1218 3485 1357 3570 perinde
1386 3505 1424 3548 ac
1454 3487 1544 3548 numi
1573 3487 1741 3570 inscripti:
1777 3485 1967 3550 ΑΡΑΒΙΑ.

1218 3689 1295 3750 Nota
1335 3687 1461 3752 denaris
1500 3691 1546 3754 Μ.
1576 3692 1737 3766 Antonia,
1770 3705 1805 3751 et
1826 3691 1969 3774 Augusta
2078 3709 2079 3730 ¹

491 3789 577 3850 Eam
604 3787 787 3872 imperante
814 3789 954 3869 Trojano
985 3801 1161 3866 occupasse
1219 3809 1293 3854 cum
1309 3789 1490 3873 epigraphe
1514 3791 1726 3882 ARMENIA.
1742 3793 1970 3868 DEVICTA„

420 3891 609 3955 Armeniam
666 3904 701 3953 et
745 3889 1013 3974 Mesopotamiam
1065 3885 1164 3950 tradit
1220 3891 1274 3955 rel
1297 3891 1476 3968 CAPTA.,
1505 3905 1541 3954 nt
1563 3905 1600 3956 et
1619 3893 1724 3978 spurii
1751 3897 1797 3957 tt„
1821 3893 1970 3971 Antonii,

421 3993 487 4056 Dio
510 3995 553 4074 ⁸).
593 3993 645 4054 Ad
668 3992 755 4055 hunc
777 3991 970 4058 Vailiantius
995 3991 1162 4076 pertinere
1220 3993 1392 4077 inscripti:
1425 3991 1691 4062 APMENIAN.
1725 3993 1972 4059 KATAAOT-

422 4115 555 4158 numum
574 4086 756 4168 exprimit,
778 4093 841 4156 etsi
860 4113 981 4157 nomen
1002 4093 1098 4158 alites·
1110 4093 1163 4160 ‚ie-
1220 4089 1360 4172 ΛΩΣ.,
1383 4094 1558 4178 dequibus
1578 4115 1637 4160 sno
1652 4099 1728 4161 loco
1744 4113 1871 4182 agetur.

423 4210 537 4278 gaturs
560 4195 695 4278 (imper.
712 4195 824 4259 Arsac.
846 4215 876 4278 p.
890 4194 981 4283 son.)
1716 4181 1722 4196 ’

684 1087 873 1154 Numan

1405 1695 1572 1756 Armenio
1603 1694 1765 1756 Romano.

462 4789 691 4860 a)1..1.xv111.
711 4795 736 4864 ς.
752 4805 798 4854 22.
871 4794 906 4868 b)
927 4793 1048 4871 sylloge
1066 4795 1089 4856 1.
1109 4815 1140 4874 p·
1156 4799 1203 4862 os.
