4160 5454
568 529 769 620 'REGES
819 551 1139 634 ARMENIAE.
1556 581 1625 645 tot

105 709 145 769 nis
168 705 359 788 amnoinre
387 728 461 772 cum
482 711 638 775 Armenia
660 716 827 801 componi·
883 741 947 783 non
967 719 1186 788 ΜΙΘΡΑΔΑ
1205 759 1218 776 ·
1233 760 1265 804 -,
1288 740 1324 790 ut
1343 747 1464 793 nomen
1486 731 1572 794 istud
1583 733 1624 794 in

105 825 164 882 tur,
196 821 288 890 atque
320 812 591 890 praecedentium
621 815 766 880 Artamis
792 834 826 884 et
881 824 988 886 numia
1019 825 1169 888 omnibus
1206 825 1304 890 scribi
1344 833 1532 909 consuevit,
1564 835 1623 896 sed

105 911 202 972 Xersis
232 911 364 974 nomina
397 911 481 976 hacc
519 935 650 998 quoque
681 921 823 984 Persica.
882 925 957 987 satis
988 947 1029 988 ex
1055 927 1093 989 iis
1119 928 1198 1009 ipsis
1225 946 1382 1014 apparet,
1410 952 1476 994 non
1509 953 1622 997 omnes

105 1011 189 1092 Supra
223 1009 256 1070 in
280 1011 401 1074 Xerxis
428 1014 527 1077 rebus
557 1015 716 1097 animus,
746 1043 825 1084 non·
881 1023 993 1088 literas
1023 1047 1096 1090 esse
1120 1031 1258 1094 illaesas.
1303 1035 1346 1094 Et
1372 1053 1453 1096 vero
1480 1034 1623 1118 Spanlre-

105 1111 192 1173 nullos
222 1111 385 1175 Antiocho
418 1115 530 1198 Syriae
567 1122 641 1204 regi
671 1117 823 1186 au'ctorcs
880 1125 981 1203 mius,
1002 1148 1065 1212 quo
1084 1131 1266 1193 loconumi
1285 1134 1485 1217 epigraphen
1509 1135 1622 1210 refert,

104 1211 204 1288 luisse,
236 1225 270 1274 ut
293 1201 478 1278 Mithridati
501 1239 542 1281 ex
566 1241 683 1286 sorore
708 1227 823 1308 nepoti
879 1225 962 1310 legit
977 1225 1296 1295 ΜΙΘΡΑΔΑΤΟΤ
1318 1245 1346 1318 ·)

103 1311 265 1374 Ameriam
285 1311 394 1378 daret.
418 1317 516 1412 Quod
536 1322 667 1406 quidem
686 1339 772 1403 tum,
795 1328 823 1389 si
1139 1379 1159 1416 „
1244 1334 1262 1370 ι
1347 1383 1366 1421 a

104 1411 219 1493 1²⁰¹l¹³f⁰
238 1409 341 1492 5³0⁸,
375 1422 559 1501 perlectum
584 1445 648 1488 non
674 1441 741 1506 est,
764 1429 820 1492 sed
952 1431 1130 1494 Hactenus,
1148 1434 1181 1494 in
1211 1455 1330 1518 regum
1359 1437 1534 1500 Armeniae
1564 1459 1621 1499 nu-

105 1515 191 1589 lorte,
210 1527 243 1576 ut
263 1517 375 1582 variae
399 1536 465 1582 turn
486 1523 619 1588 fuerunt
640 1550 750 1592 rerum
779 1533 823 1594 vi·
880 1533 941 1594 mis
966 1533 1087 1595 tiaram
1107 1537 1253 1598 conicam
1279 1537 1435 1614 vidimus,
1465 1539 1621 1622 deinceps

106 1635 165 1690 tes,
183 1615 365 1698 perlectum
391 1616 516 1703 serius,
548 1641 582 1690 et
604 1642 743 1714 uterque
769 1633 822 1697 hic
880 1653 951 1695 eam
977 1647 1177 1714 truncatam,
1197 1653 1244 1702 ,at
1266 1639 1549 1703 radiisillustrera
1574 1642 1621 1702 in·

106 1738 200 1780 annus
215 1719 307 1800 hujus
328 1721 434 1804 ipsius
457 1739 507 1788 est
526 1729 741 1810 Mithridatia,
765 1735 824 1797 sed
880 1733 1053 1801 tuebimur.

106 1839 155 1901 qna
174 1819 356 1902 coniectura
388 1837 476 1916 ιιιιο
500 1831 603 1893 minua
633 1832 725 1898 lubet
742 1837 824 1914 niti,

108 1921 236 2002 qnoniam
270 1937 318 1984 ιοι
343 1925 400 1986 alii
426 1948 499 1991 esse
530 1946 681 2012 poterant
709 1939 826 2002 Arme·

110 2021 169 2084 nise
190 2043 283 2106 reges
309 2027 510 2094 Mithridatis
535 2036 667 2097 nomine
692 2041 828 2124 scripte·

108 2123 180 2185 ribus
201 2145 300 2209 aeque
326 2128 538 2210 dissimulati,
569 2157 606 2199 ac
627 2139 759 2216 Samus,
783 2155 826 2222 et,
951 2140 1002 2202 Ab
1021 2143 1170 2220 Artaxia,
1201 2165 1299 2228 qnam
1325 2145 1365 2208 ab
1387 2145 1550 2212 Antiocho
1568 2151 1624 2214 lllt

107 2226 181 2306 cnjus
201 2229 327 2291 unicum
353 2233 483 2315 Polybii
511 2236 731 2322 fragmentum
760 2265 827 2308 me·
885 2232 1046 2306 deiecisse
1065 2243 1222 2321 diximus,
1244 2243 1417 2320 oriundus,
1437 2248 1624 2326 Armeniae,

108 2327 198 2403 miuit,
218 2329 358 2398 Xerxes.
399 2337 482 2398 Esse
505 2340 591 2402 hunc
615 2365 746 2406 numum
766 2349 827 2406 Ar·
884 2341 1003 2406 deinde
1030 2345 1156 2426 aSyris
1170 2360 1332 2409 ,evocatus
1350 2346 1463 2426 Syriae
1493 2369 1624 2430 quoqne

107 2431 246 2507 nenium,
278 2435 459 2499 verisimile
487 2439 565 2504 sacit
589 2445 708 2524 etiam,
739 2448 826 2530 quod
882 2465 964 2522 rex,
982 2446 1102 2528 pjuncta
1132 2467 1205 2511 cum
1233 2447 1421 2510 Mithridate
1440 2449 1495 2514 Vl.
1521 2470 1625 2512 armo·

108 2551 203 2594 numus
219 2531 321 2610 altor,
344 2539 398 2619 qui
418 2539 615 2608 simillimam
633 2546 730 2610 hahet
747 2551 827 2611 anti·
882 2567 955 2607 rum
978 2547 1173 2610 societates
1190 2548 1330 2611 Lucullo
1350 2562 1384 2610 et
1400 2549 1562 2632 Pompejo
1578 2552 1624 2612 Μ.

107 2651 183 2708 Μ,
201 2634 368 2700 referente
392 2641 544 2707 Massono
568 2666 609 2708 ex
630 2648 713 2712 urbe
727 2651 828 2736 Alep·
882 2647 987 2711 victus
1012 2647 1053 2710 ad
1077 2669 1166 2712 suam
1190 2647 1309 2712 iterum
1325 2647 1517 2714 'Armeniam
1538 2649 1626 2714 redi·

107 2752 142 2812 po
167 2733 196 2794 in
221 2735 373 2817 Angliarn
403 2744 520 2824 missua
554 2762 613 2812 est.
657 2751 827 2816 Massones
884 2748 982 2832 gitur.
1344 2839 1350 2846 .

108 2855 219 2898 numum
254 2839 395 2904 alterum
435 2867 531 2927 posse
571 2850 670 2914 tribui
701 2853 827 2914 Mithri·
945 2853 1025 2935 Ejus
1041 2873 1156 2916 numos
1174 2851 1207 2912 in
1225 2849 1355 2914 moneta
1373 2873 1490 2936 regum
1507 2853 1623 2936 Syriae

110 2935 208 3002 datil.
239 2940 470 3028 ¹Commageno
491 2963 613 3032 putat,
644 2973 696 3016 me
720 2954 827 3034 judice
884 2957 1056 3030 dabimus,
1088 2977 1149 3038 qua
1178 2955 1209 3014 in
1242 2953 1392 3036 regione
1409 2954 1480 3016 iere
1511 2977 1624 3020 omnes
1680 3009 1682 3014 ,

109 3057 162 3098 non
181 3039 251 3103 satis
275 3049 489 3128 tempestive,
512 3073 585 3120 nam
608 3055 724 3116 saltem
749 3057 826 3122 inde
883 3061 1039 3122 hacteuus
1056 3055 1479 3137 cognitos-luissesignatos
1494 3075 1568 3120 cum
1584 3079 1624 3120 es

109 3140 272 3224 s'ligrane
304 3147 366 3216 alia
391 3149 452 3213 fuit
483 3155 583 3220 tiarae
614 3157 826 3240 Armeniacae
883 3161 987 3243 typis,
1006 3157 1241 3254 tumepochae
1259 3157 1350 3218 aunis
1370 3155 1518 3240 patescit.

108 3239 207 3304 lcrma.

161 3347 193 3405 ln
218 3369 312 3412 numo
333 3357 446 3435 priore
471 3357 600 3420 additur
622 3361 734 3426 titulus
759 3335 828 3428 (lll-
1071 3397 1174 3458 App
1185 3395 1443 3464 AVASDES,

109 3439 191 3520 AO..
212 3451 295 3534 quod
313 3465 464 3520 truncum
480 3460 617 3524 verbum
637 3464 755 3527 eruditi
773 3487 828 3530 ex·
1022 3459 1023 3462 Ἴ

110 3545 191 3624 Pleni
208 3543 459 3639 (111Λορωμαιυ,
483 3564 557 3644 qnia
580 3586 714 3630 numum
739 3568 828 3652 adju·
947 3566 1048 3628 Filius
1067 3565 1236 3650 Tigranis,
1254 3565 1343 3648 patri
1366 3575 1495 3626 mortuo
1514 3583 1625 3628 succc-

111 3645 278 3714 dicaverunt
296 3657 477 3724 Mithridati
489 3665 704 3744 V.·Pontico,
728 3691 826 3752 quem
885 3667 942 3732 dit.
985 3671 1022 3730 ln
1049 3667 1137 3730 bello
1161 3667 1313 3729 Parthico
1342 3665 1493 3726 Crassum
1519 3665 1626 3749 aequi·

111 3766 222 3816 ΝΜ
236 3756 385 3828 Romanis
402 3766 508 3844 palam
525 3767 654 3834 favisse.
684 3770 752 3833 Sed
773 3792 828 3856 po·
886 3785 954 3845 tur,
972 3767 1091 3831 deinde
1109 3781 1142 3832 et
1152 3771 1197 3832 M.
1213 3765 1389 3828 Antonium
1409 3766 1517 3828 eidem
1534 3767 1625 3830 bollo

108 3865 164 3912 test
190 3877 223 3917 ra
241 3851 370 3920 «lullo.
399 3865 496 3928 aliter
518 3872 657 3956 explari.
699 3873 828 3938 Titulus
885 3873 1061 3946 intentum,
1080 3868 1138 3932 sed
1151 3888 1264 3952 quern,
1281 3868 1343 3930 etsi
1355 3865 1425 3949 ejus
1441 3868 1521 3930 helli
1532 3889 1626 3950 prae·

107 3947 390 4026 KAAAINIKOT
419 3985 460 4028 ex
484 3989 601 4054 regum
624 3975 737 4057 Syriae
762 3997 829 4040 mo·
886 3973 1000 4056 cipuus
1031 3983 1147 4034 auctor
1182 3983 1295 4046 esset,
1324 3969 1463 4051 turpiter
1490 3968 1625 4050 deserit.

108 4065 174 4115 ueta
194 4069 224 4118 et
238 4059 552 4155 historiacognitus.
598 4075 689 4140 Sitne
713 4077 831 4156 utrius·
883 4075 1061 4139 Hominem
1090 4069 1250 4155 perfidum
1274 4070 1433 4134 Antonius
1465 4072 1625 4138 vindictae

109 4173 163 4236 que
179 4162 258 4223 nuni
269 4163 473 4234 Mithridates
489 4195 572 4239 unua
586 4177 739 4262 idemque
756 4201 826 4255 rex,
886 4175 1022 4260 cupidus
1052 4173 1162 4258 specie
1192 4173 1351 4244 amicitiae
1387 4172 1422 4234 in
1453 4175 1534 4236 retia
1566 4167 1679 4238 tra-*⁴

108 4255 252 4337 quinaria
273 4279 401 4348 aetate,
430 4287 465 4335 ut
491 4295 589 4360 reges
616 4275 752 4360 Syriae,
774 4301 829 4345 va·
885 4291 995 4352 etum,
1030 4277 1236 4359 vinctumque
1265 4275 1497 4340 Alexandriam
1529 4277 1629 4338 mittit
1717 4331 1724 4344 ,

109 4354 161 4418 riis
181 4360 271 4430 titulis
293 4369 340 4432 uti
364 4386 515 4455 poterat,
538 4401 577 4442 an
605 4381 669 4445 duo
695 4381 827 4458 diversi,
881 4381 925 4447 .V.
944 4381 980 4443 C.
1002 4397 1096 4462 7ao.,
1125 4391 1157 4440 at
1180 4377 1377 4461 Cleopatra,
1406 4391 1443 4440 ut
1468 4378 1502 4438 in
1526 4379 1625 4438 rebus

108 4455 252 4529 intertum
270 4487 386 4537 manet.
427 4478 581 4546 Testibus
605 4483 771 4547 ieonismis
793 4483 828 4544 in
884 4480 1022 4566 perditis
1034 4478 1209 4542 Medorum
1229 4499 1344 4564 regem
1364 4479 1426 4541 sibi
1444 4477 1629 4560 obstringe-

109 4577 199 4627 ωηο
227 4569 332 4654 priore
368 4577 522 4643 scribitur
558 4581 762 4649 ΜΙΘΡΙΔΑ
885 4597 960 4660 ret,
990 4580 1136 4646 interlici
1162 4581 1254 4664 jubet
1278 4583 1320 4650 V.
1342 4581 1379 4645 G.
1401 4587 1474 4660 724.
1510 4579 1626 4644 Fuisse

114 4691 1623 4738 Ἢ,-

145 4749 526 4839 Ι)Ῑ·ῦιΡ·411;ιιι1>.1ἰιι.

1098 1977 1364 2041 TIGRA‘NES
1394 1982 1417 2042 1.
