4160 5454
434 531 509 614 216
971 519 1162 632 REGES
1195 519 1422 598 stultu.

505 697 626 784 Apollo
655 691 756 782 partit
780 711 915 762 araneae
942 711 1029 758 nunc
1054 711 1188 766 norm
1234 691 1362 758 ratione
1388 691 1439 760 vir
1463 706 1631 778 prterunt
1651 695 1685 758 iu
1709 693 1875 764 Victoriam
1897 721 1945 788 po-

441 801 599 886 deinceps
619 802 653 862 in
674 796 922 862 tetradrachmia
938 815 1040 882 mque
1057 795 1099 858 ad
1115 796 1188 858 An·.
1235 795 1336 860 tuerit
1350 795 1580 881 propendere,
1597 817 1801 882 neuportum
1818 803 1948 868 antiton·

440 903 585 968 tiochum
622 901 678 970 lV.
719 899 844 966 obviat.
886 897 967 980 Ejus
1004 898 1039 960 in
1073 897 1180 960 numia
1236 898 1322 976 rari,
1343 897 1406 968 uiti
1423 897 1519 962 nobit
1539 897 1716 966 Victoriam
1733 903 1854 968 virilem
1869 907 1947 990 regio

441 1004 688 1072 Seleucidarum
707 1001 806 1066 totioa
822 999 1024 1068 recurrentia
1041 1018 1180 1075 cautam,
1237 1019 1329 1064 more
1365 999 1595 1080 diadematum,
1634 1017 1669 1067 et
1698 1003 1833 1068 virilitor
1860 1023 1949 1072 aomo

440 1123 477 1172 ut
504 1123 540 1172 et
564 1125 703 1170 ancorae
734 1104 767 1164 in
798 1123 897 1166 nomo
924 1101 1048 1176 altero,
1076 1119 1118 1164 ex
1140 1099 1181 1161 iit
1235 1115 1298 1165 tam
1320 1102 1423 1186 potuit
1443 1116 1597 1168 ttatuere.
1633 1105 1717 1170 Este
1743 1108 1844 1190 potina
1869 1109 1948 1194 hnjat

439 1225 536 1296 pete,
565 1227 647 1294 quae
671 1227 767 1290 cupra
794 1203 993 1268 inSeleuoo
1016 1200 1058 1273 de
1080 1200 1181 1285 Apol·
1235 1204 1388 1268 Antiochi
1403 1206 1530 1289 opinor,
1548 1205 1752 1292 additumque
1767 1210 1844 1272 alam
1859 1229 1949 1274 eram·

439 1315 506 1378 line
534 1311 641 1396 gentio
664 1305 910 1372 Seleucidarum
938 1317 1072 1369 auctore
1100 1301 1181 1364 dixi·
1235 1305 1293 1388 plo
1315 1307 1432 1390 patria,
1453 1319 1490 1370 ut
1515 1307 1654 1372 dirimat
1681 1309 1715 1370 ia
1739 1311 1829 1393 haina
1852 1315 1947 1375 numia.

438 1437 522 1480 mat.
554 1410 677 1474 lnaidet
694 1407 814 1492 Apollo
833 1406 998 1482 cortinae,
1018 1425 1113 1490 quam
1135 1417 1181 1468 ta-
1237 1403 1387 1490 Sigillum
1402 1410 1479 1494 equi
1498 1409 1533 1472 ia
1549 1409 1615 1474 ima
1634 1411 1794 1494 pascentio
1818 1414 1950 1498 ruapicio·

437 1517 523 1602 petit
550 1512 711 1600 quoddam
742 1531 847 1594 genua
876 1507 999 1594 operit,
1040 1505 1083 1569 de
1113 1525 1178 1590 quo
1236 1529 1312 1572 nem
1330 1523 1460 1590 motet,
1487 1512 1715 1576 ettelortcid
1738 1533 1951 1595 genuinumne

436 1617 530 1694 vido,
557 1636 639 1702 qaae
665 1612 731 1676 dixi
754 1613 788 1674 in
817 1623 947 1675 moneta
969 1607 1180 1674 Mamertino·
1235 1611 1379 1696 signator
1411 1611 1496 1696 apud
1529 1613 1760 1704 Alexandriam
1793 1615 1951 1690 Troadem,

436 1739 511 1784 rum
534 1718 676 1784 Siciliae.
1234 1733 1310 1774 nam
1325 1733 1428 1798 equae
1448 1734 1585 1798 pateant
1607 1716 1741 1779 solitum
1763 1731 1811 1780 eat
1830 1717 1893 1800 cjaa
1910 1739 1953 1780 nr·

696 1847 717 1886 u
799 1798 819 1838 ⁴
902 1844 925 1882 a
1235 1811 1286 1878 bit
1308 1814 1506 1898 symbolum,
1533 1829 1633 1880 etex
1659 1817 1773 1882 eadem
1795 1837 1882 1884 cauta
1900 1819 1953 1884 hac

503 1925 610 2006 Caput
628 1919 785 1986 Herculis
805 1917 948 1982 imberba
970 1915 1082 1978 lconis·
1099 1934 1183 1980 exu—
1235 1915 1410 1980 rolerimat
1442 1919 1682 1985 tetradrachma
1713 1919 1882 1984 Alexandri
1902 1923 1953 1996 tt,

437 2029 503 2089 ciis
525 2037 657 2088 tectum.
686 2013 1180 2084 aesstzmuttz.tNT10-
1236 2038 1320 2102 qaae
1349 2019 1456 2084 aimila
1485 2021 1519 2084 in
1546 2022 1614 2086 imo
1651 2020 1796 2106 tigillum
1822 2020 1954 2086 offerunt.

435 2123 544 2188 ΧΟΤ.
582 2123 732 2204 Iuppiter
756 2123 872 2184 sedens
899 2121 930 2180 d.
955 2117 1121 2197 aquilam,
1151 2139 1180 2180 s·
1236 2121 1370 2186 Conttat
1402 2123 1572 2188 enimvero
1608 2145 1651 2188 ex
1684 2125 1891 2208 paaphirmate
1916 2125 1954 2185 Si·

435 2227 580 2290 hastam.
602 2225 671 2290 All.
687 2225 742 2288 lll.
765 2223 865 2304 (Mna.
881 2221 992 2300 Coeo.)
1236 2243 1374 2306 geor-om
1390 2225 1475 2309 apud
1493 2224 1641 2288 Chixhnll
1666 2230 1716 2308 ο),
1739 2226 1917 2296 Antiochum
1935 2229 1954 2291 l.

399 2333 406 2346 ”
499 2330 597 2391 Hunc
634 2345 763 2412 quoque
797 2344 929 2394 numam
961 2320 1125 2384 Antiocho
1153 2323 1179 2386 l.
1237 2343 1310 2415 cum
1327 2327 1547 2392 uxoreluiaae
1565 2329 1597 2390 iu
1618 2327 1767 2404 Troade,
1787 2313 1953 2410 ctiSigeia

436 2443 508 2494 toto
539 2428 749 2494 tribuendum
769 2442 876 2512 pato,
916 2425 990 2509 qnia
1016 2435 1179 2487 monetam
1236 2426 1323 2492 iuter
1337 2449 1480 2494 mmmoa
1497 2431 1640 2494 honoret
1657 2443 1842 2514 exceptum.

435 2531 618 2604 Alexandri
646 2533 691 2592 M.
720 2529 880 2603 imitator,
913 2537 947 2589 et
975 2525 1066 2606 cujus
1093 2523 1180 2586 timi·
1495 2579 1515 2618 ι
1599 2532 1619 2570 *
1708 2577 1728 2616 ι

435 2637 486 2698 lea
521 2645 615 2716 pater
653 2651 783 2716 quoque
812 2628 973 2692 Seleucut
1008 2624 1178 2690 feriendos
1302 2633 1411 2714 Caput
1432 2639 1522 2718 ragis
1544 2635 1784 2698 diadematum.
1810 2627 1958 2693 enazi-

349 2740 357 2758 '
437 2733 573 2798 curavit.
617 2733 661 2793 Et
700 2743 770 2794 erat
807 2729 973 2790 Antiocho
1002 2727 1177 2812 peculiaria
1234 2727 1653 2800 hertzattttoxor.
1677 2735 1956 2816 Elephantinen

437 2833 632 2910 obteruendi
648 2830 827 2896 Alexandri
850 2847 963 2906 cauea,
989 2851 1063 2894 uam
1086 2848 1179 2914 pree·
1239 2855 1486 2917 monogramma
1509 2833 1581 2900 Mt.
1619 2837 1695 2898 AR.
1722 2837 1778 2902 111.
1810 2837 1902 2918 (hlut.
1921 2833 1957 2892 ld.

436 2939 517 3002 lium
541 2957 613 3000 cum
643 2933 746 2998 Gallia
771 2945 982 2998 conuerterat
1006 2933 1094 2997 vitun
1119 2930 1180 2994 tihi
1237 2936 1370 3018 Ducit.)

438 3053 490 3105 eat
504 3037 683 3102 adstantem
705 3035 739 3098 in
762 3035 894 3098 somniis
913 3033 1028 3100 videre
1042 3035 1184 3096 Alexan·
1304 3039 1411 3118 Caput
1436 3038 1623 3119 Apollinis.
1661 3035 1688 3098 ἶ
1715 3028 1957 3102 ΒΑΣΙΛΕΩΣ.

439 3141 551 3218 dram,
569 3151 841 3224 manentemque,
857 3149 893 3200 ut
907 3150 1066 3198 tesseram
1085 3137 1182 3198 militi
1237 3135 1494 3204 ΑΝΤΙΟΧΟΤ.
1539 3141 1673 3223 Tripus,
1713 3145 1750 3204 in
1777 3160 1853 3202 crea
1871 3133 1958 3200 Min.

440 3240 901 3324 circummanentem).
932 3239 1072 3301 Numam
1094 3239 1181 3301 huno
1236 3251 1270 3302 et
1288 3259 1420 3302 ancora.
1442 3241 1513 3305 ΔΕ.
1530 3243 1587 3305 111.
1609 3241 1805 3322 (Fallacia.)

440 3325 606 3411 Antiocho
627 3345 666 3408 11.
682 3339 795 3404 tribuit
809 3337 1014 3417 Frolichina,
1040 3340 1113 3424 quia
1132 3359 1185 3404 ca·
1306 3341 1410 3404 Scuta
1433 3343 1716 3406 Macedonicam
1741 3343 1847 3406 orbem
1872 3337 1963 3418 dispo·

441 3462 502 3534 put
522 3446 646 3512 anticae
669 3463 736 3506 non
759 3443 958 3519 Herculem,
987 3439 1046 3504 ted
1068 3461 1184 3526 regem
1241 3447 1328 3518 aito,
1352 3445 1446 3506 intro
1467 3465 1553 3524 quoe
1578 3464 1717 3508 ancora.
1748 3435 1965 3506 ϊΒΑΣΙΛΕ·
2046 3435 2047 3442 '

443 3549 574 3616 referre
590 3544 723 3630 putarit.
1243 3537 1329 3606 ΩΣ.
1351 3541 1609 3612 ΑΝΤΙΟΧΟΤ.
1644 3547 1803 3631 Elephas.
1833 3543 1897 3606 ΑΕ.
1918 3541 1962 3601 lll.

704 3673 724 3714 a
806 3625 826 3665 *
908 3669 942 3713 a*
1243 3645 1392 3729 (Haym.)

512 3754 621 3832 Caput
642 3751 729 3832 regit
753 3747 978 3810 diadematum
997 3747 1137 3812 alatum.
1163 3744 1188 3808 ἶ
1310 3747 1375 3810 His
1389 3747 1489 3824 udde,
1514 3749 1548 3810 si
1566 3748 1677 3825 lubet,
1700 3769 1816 3812 numos
1836 3749 1914 3810 alim
1932 3743 1967 3806 si·

445 3843 715 3918 ΒΑΣΙΛΕΩΣ.
757 3843 1015 3912 ΑΝΤΙΟΧΟΤ.
1060 3849 1188 3932 Apollo
1244 3849 1371 3913 militer
1389 3851 1583 3928 inscriptos,
1601 3864 1637 3914 et
1652 3863 1733 3932 typo
1749 3850 1917 3931 elephanti.

448 3959 554 4020 nudus
574 3953 722 4014 cortinae
738 3953 884 4031 insidens
900 3951 933 4013 d.
947 3949 1065 4026 telum,
1090 3972 1117 4013 s.
1137 3971 1190 4012 ar·
1308 3951 1448 4012 Numam
1463 3949 1610 4034 priorem
1625 3964 1765 4035 propter
1779 3949 1966 4033 elephantum

449 4078 540 4128 cum,
562 4053 652 4134 infra
671 4072 773 4131 equus
787 4071 935 4131 pascens.
959 4051 1028 4112 All.
1046 4052 1072 4114 1.
1245 4053 1346 4137 partit
1379 4071 1513 4117 eternae
1546 4053 1611 4135 jam
1648 4053 1727 4115 olim
1765 4049 1920 4112 Antiocho
1947 4049 1968 4108 l.

511 4139 704 4222 Vaillantiat
726 4165 760 4214 et
780 4151 978 4214 Pellerinius
1000 4150 1033 4231 b)
1055 4173 1188 4214 numum
1245 4153 1423 4218 tribueram
1447 4150 1489 4234 t¹).
1535 4154 1680 4216 Consilio
1713 4154 1802 4216 enim
1835 4147 1968 4212 Theodo-

450 4261 537 4322 hanc
558 4253 668 4338 largiti
689 4267 763 4338 tunt
786 4253 946 4316 Antiocho
967 4255 1010 4330 1.,
1032 4255 1092 4316 ted
1109 4256 1191 4319 Frii-
1245 4269 1297 4320 tae
1326 4255 1449 4319 Rhodii
1476 4268 1510 4318 et
1539 4275 1604 4338 ope
1625 4257 1714 4323 XVI.
1737 4254 1967 4338 elephantamm

450 4359 570 4422 lichina
587 4353 749 4418 Antiocho
765 4357 824 4429 lt,
848 4355 904 4436 qui
928 4367 1099 4435 praetcrea
1123 4357 1190 4420 exi·
1245 4359 1408 4440 iatignem
1439 4357 1483 4422 de
1513 4357 1616 4422 Gallio
1650 4357 1765 4422 retulit
1800 4353 1969 4426 victoriam,

452 4461 575 4534 stimat,
610 4475 683 4518 eme
713 4467 767 4517 aat
797 4468 892 4536 caput
918 4455 1102 4534 Victoriae,
1135 4471 1190 4521 ant
1246 4479 1311 4546 quo
1327 4457 1458 4536 iactum,
1476 4459 1758 4543 uttropaeanihil
1775 4455 1974 4544 praetcrela·

453 4557 629 4634 Alercarii,
654 4571 709 4621 aut
737 4555 891 4620 Antiochi
919 4557 1078 4621 Hieracis·
1117 4556 1190 4652 Qua
1245 4561 1402 4644 phantom
1436 4561 1686 4647 inaculpendom
1719 4573 1857 4626 curaret.
1897 4554 1971 4626 Vide

490 4770 520 4838 a)
538 4767 660 4869 huniam.
672 4789 729 4848 pro
740 4769 815 4848 laps.
831 4771 884 4828 int.
898 4767 986 4827 salut.
1022 4768 1059 4842 h)
1077 4757 1147 4828 Rois
1160 4775 1247 4848 ptis.
1284 4773 1318 4845 c)
1335 4773 1406 4832 Ant.
1419 4773 1612 4850 Μώμῳ.
1652 4773 1688 4847 d)
1705 4771 1866 4830 Namnet.
1881 4769 1974 4840 pall·
