4160 5454
438 537 509 610 aio
677 581 682 597 .
941 477 1482 604 annnvc1e,1³1nn1n

446 697 496 782 gia
526 689 657 768 natalia,
696 685 819 764 erexit,
855 649 894 748 at
917 683 1040 748 ibideni
1071 695 1186 768 postea
1241 681 1422 766 Apollinis,
1450 683 1622 769 aliquotiea
1642 683 1722 749 inira
1743 685 1853 755 redihit‘
1869 715 1940 759 men·

444 791 598 861 monente
628 795 690 877 pen
715 787 900 874 prodigium
925 789 1004 851 lone
1026 785 1185 848 Seleucum
1241 783 1299 848 tio'.
1337 784 1498 870 Pleraque
1523 785 1613 850 haec⁴
1629 785 1690 869 jam
1711 799 1940 862 commemoravit

444 896 652 962 Antiochiam
671 890 837 966 fundavit,
864 901 898 952 at
915 889 950 952 in
969 908 1009 952 ea
1027 872 1186 970 templum
1243 886 1403 953 Noriaiua.

445 999 517 1063 lovi
545 995 697 1060 Bottiaeo
727 989 909 1066 dedicavit,
943 1001 980 1051 ut
1009 987 1187 1072 perhibent
1307 987 1510 1072 Metropolis
1528 984 1563 1048 in
1586 985 1636 1052 hia
1655 989 1756 1054 numia
1775 991 1878 1059 dicitur
1891 999 1942 1062 An·

443 1099 599 1164 Libaniua
624 1097 658 1160 in
677 1091 872 1158 Antiochino
894 1104 929 1154 et
949 1089 1067 1154 Halala
1094 1090 1189 1153 chao·
1245 1087 1382 1166 tiochia,
1418 1109 1513 1152 mero
1543 1101 1611 1152 tam
1642 1091 1770 1158 honoria
1796 1095 1942 1178 vocahulo,

444 1201 644 1286 nographua.
675 1199 784 1259 Tenet
802 1181 937 1256 dextera
956 1191 1187 1268 victoricium,
1245 1191 1304 1254 aad
1320 1211 1393 1255 cum
1412 1209 1477 1275 quo
1495 1189 1564 1253 aulo'
1576 1191 1816 1276 impemtoribaa
1831 1197 1943 1282 aliquan

442 1323 564 1387 nempe
592 1298 712 1364 codem
740 1293 840 1358 modo
868 1293 1002 1377 lingitur
1028 1294 1125 1356 etiam
1153 1295 1188 1356 in
1244 1293 1278 1354 in
1305 1291 1384 1356 aliua
1412 1291 1512 1354 urhea
1538 1292 1740 1376 conjunctam
1765 1293 1856 1359 iuiaae
1872 1299 1945 1380 juria

443 1404 611 1491 argenteio
632 1397 784 1466 Antiochi
803 1396 878 1472 1V.,
904 1413 1000 1478 quem
1022 1394 1109 1458 hand
1131 1393 1205 1457 du·.
1244 1391 1421 1458 dictionem
1453 1392 1576 1476 patebit
1609 1412 1652 1456 ax
1683 1394 1739 1472 iic,
1774 1416 1847 1479 qaae
1878 1399 1946 1463 dice·

442 1505 499 1570 hie
529 1503 631 1568 iuiaao
663 1501 765 1586 ipaiaa
798 1498 896 1581 hujua
926 1497 1011 1580 eigai
1047 1495 1186 1559 archito-
1243 1515 1317 1556 mua
1346 1493 1451 1576 capite
1480 1497 1520 1559 11.
1564 1493 1640 1590 Quo
1673 1509 1815 1580 tempore
1846 1497 1891 1564 hic
1917 1503 1947 1563 ti·

443 1620 553 1684 etum,
591 1603 626 1666 in
660 1603 729 1687 ajua
758 1600 849 1684 nagia
878 1612 1009 1661 moneta
1036 1597 1185 1682 probavi·
1242 1595 1330 1660 tulua
1370 1595 1506 1660 cottana
1541 1597 1601 1675 ait,
1647 1597 1786 1660 nondum
1819 1603 1947 1684 comperi

443 1730 526 1774 mut.
554 1709 665 1770 lovem
685 1704 773 1765 hunc
789 1699 1030 1766 Antiochenam
1049 1699 1185 1764 dextera
1242 1695 1400 1780 loaephm
1426 1717 1498 1760 eam
1524 1696 1695 1782 jamtum,
1724 1719 1796 1764 cum
1815 1697 1852 1764 dc
1871 1701 1949 1764 aelam
1988 1689 2000 1730 ¹

441 1807 650 1896 paetendiaae
667 1795 866 1882 Victoriam,
889 1813 1014 1866 constat
1034 1799 1186 1864 erluini·
1243 1819 1262 1862 a
1280 1799 1423 1862 Seleuco
1443 1798 1615 1864 conditore
1639 1801 1738 1884 geatia
1758 1801 1835 1886 agit,
1853 1815 1949 1866 metro

441 1931 504 1989 no,
535 1929 610 1974 uum
634 1905 740 1971 acient
762 1907 808 1989 ⁸),
844 1903 1067 1969 Alexandrum
1091 1901 1187 1964 Zabi·
1242 1899 1334 1984 poliu
1362 1899 1575 1985 appellate),
1606 1902 1668 1966 aed
1697 1901 1821 1968 videtur
1845 1905 1949 1968 locutus
2035 1951 2036 1990 ,

293 2075 303 2084 ,
441 2033 516 2076 nam
548 2011 676 2093 inopem
703 2007 882 2092 pecuniae,
920 2026 994 2068 aum
1020 2005 1186 2086 stipendia
1241 2005 1458 2078 προληπτιιως.
1493 2003 1545 2064 Ex
1566 2003 1727 2067 sententia
1747 2003 1865 2068 Libanii
1882 2003 1950 2067 hunc
2035 2001 2036 2020 ³

441 2113 608 2180 militibus
636 2112 803 2186 deessent,
837 2107 957 2188 tetttplo
987 2107 1079 2168 Iovis
1107 2105 1188 2168 soli·
1241 2099 1293 2162 illi
1320 2100 1481 2164 honorem
1508 2103 1617 2187 largiti
1641 2119 1716 2167 aunt
1735 2106 1879 2184 Romani,
1904 2103 1949 2167 aad

304 2285 310 2294 ,
440 2217 521 2278 dum
552 2231 597 2276 ca
627 2230 711 2272 auro
743 2211 917 2271 Victoriae
947 2211 1078 2290 signam
1108 2205 1187 2282 tolli
1242 2201 1412 2267 citati-hoc
1432 2203 1508 2268 loco
1529 2206 1620 2266 numi
1640 2206 1776 2282 docent,
1799 2207 1951 2292 jamluisae

436 2316 597 2395 iussisse,
620 2312 751 2396 facetis
776 2309 862 2389 jacis
887 2303 1100 2390 saciiiegiam
1124 2309 1188 2368 air-
1242 2306 1459 2388 metropolin,
1489 2319 1664 2391 antequam
1690 2307 1722 2368 in
1750 2307 1860 2371 horum
1878 2309 1951 2392 legas

442 2413 732 2486 cumscribentam,
749 2429 826 2472 nam
843 2409 1031 2474 Victoriam
1048 2427 1187 2469 commo·
1241 2405 1364 2471 iviaaet.
1399 2409 1493 2490 Lege
1515 2407 1558 2470 de
1579 2409 1646 2474 hoc
1668 2419 1859 2494 augumento·
1876 2410 1953 2474 etiam

438 2519 555 2580 datam
575 2513 642 2576 sttt
661 2512 702 2574 ab
723 2511 799 2574 love
814 2530 885 2572 essa
906 2509 1045 2570 dicebat.
1072 2505 1185 2582 Addit,
1240 2509 1473 2592 spanhemium
1498 2507 1541 2590 t),
1583 2509 1660 2574 Hoc
1682 2512 1789 2596 elogio
1809 2511 1875 2594 plut
1892 2509 1953 2572 reli·

325 2687 327 2696 ,
442 2638 517 2682 cnm
542 2610 724 2696 interjectio
750 2608 866 2672 diebus
890 2607 996 2692 ipsum
1019 2605 1105 2672 tonia
1130 2629 1184 2670 aa·
1240 2610 1328 2694 qaia,
1349 2630 1432 2695 quae
1453 2609 1655 2689 adsciverat,
1682 2611 1716 2674 in
1736 2613 1838 2676 numia
1856 2609 1954 2697 gloria·

440 2737 536 2782 reum
554 2715 760 2779 simulacrum
778 2709 894 2774 infiniti
910 2708 1066 2792 ponderi·
1083 2706 1185 2774 evelli
1239 2724 1310 2788 tun,
1345 2725 1479 2775 retento
1507 2713 1604 2776 etiam
1636 2714 1672 2776 in
1704 2713 1762 2792 iio,
1783 2691 1869 2796 'quoa
1892 2711 1952 2774 inda

440 2819 601 2902 juaaiaaat,
618 2825 868 2880 acaunumente
883 2809 1089 2873 multitudine
1106 2809 1185 2872 luia·
1239 2836 1257 2876 ι
1279 2811 1443 2876 Caracalla
1471 2813 1620 2878 coloniae
1648 2813 1783 2878 nomine
1808 2815 1952 2900 percutit
2036 2861 2037 2920 t

441 2943 478 2984 ac
494 2921 528 2981 in
540 2919 652 3001 fugam
667 2935 808 2984 veroum.
829 2913 873 2975 Et
887 2925 955 2976 tum
969 2911 1101 2996 quidem
1115 2911 1185 2974 oxi·
1239 2916 1275 2976 ln
1303 2913 1461 2976 aimilihun
1489 2915 1596 2977 numia
1626 2915 1745 2980 aaltem
1769 2929 1873 2980 certae
1891 2913 1952 2975 idei
2036 2931 2037 3000 ζ

441 3023 523 3084 tium
546 3018 659 3086 vitavit
682 3017 763 3082 dena
787 3018 871 3080 altna
892 3013 1018 3078 cubitaa
1037 3013 1126 3089 XV„
1150 3025 1182 3076 at
1238 3013 1381 3078 additam
1413 3011 1716 3096 ATTQNOMOT
1746 3017 1868 3080 titulum
1892 3035 1955 3078 non·

298 3195 301 3202 (
439 3123 547 3188 aerina
575 3121 615 3186 ab
641 3118 806 3183 Antiocho
835 3116 998 3199 cyziceno
1023 3115 1182 3199 pecuniae
1239 3116 1315 3178 dum
1336 3117 1458 3200 reperi.
1496 3117 1540 3178 At
1567 3119 1658 3179 enim
1687 3117 1742 3181 hic
1770 3118 1894 3182 collatus
1915 3135 1954 3176 aa·

442 3243 573 3309 qnoque
600 3221 713 3304 indigo
739 3219 780 3283 ad
805 3218 936 3282 furnum
969 3215 1099 3280 adactna
1132 3227 1183 3278 eat
1238 3219 1323 3295 niua,
1352 3238 1454 3294 anno,
1485 3232 1521 3279 ιιι
1549 3217 1636 3295 dixi,
1668 3219 1711 3286 V.
1734 3219 1770 3284 C.
1798 3224 1864 3304 opo.
1895 3219 1956 3298 Aje·

442 3324 584 3388 auffccto
603 3326 679 3386 love
700 3321 827 3388 vilioria
843 3319 997 3383 materiae
1018 3317 1063 3400 lt).
1095 3315 1181 3382 lovia
1237 3320 1332 3396 bam,
1360 3321 1392 3380 in
1421 3321 1527 3380 numia
1557 3333 1671 3382 certae
1700 3317 1796 3396 fidei,
1823 3341 1889 3383 nam
1911 3336 1956 3378 no
2036 3351 2037 3358 ι

441 3429 540 3492 otiam
570 3423 670 3486 Philii
702 3421 788 3506 apud
819 3423 1014 3504 Pergamum
1051 3437 1181 3503 quoquo
1238 3421 1292 3497 ni,
1319 3420 1521 3484 Friiliclaium
1550 3421 1585 3480 in
1613 3421 1785 3485 annalibus
1812 3443 1852 3485 ex
1877 3421 1958 3502 Span-

442 3521 1180 3610 cnlti‚magnosiuiaseAntiochiaalaonorea,
1237 3522 1347 3586 hernia
1386 3535 1419 3583 et
1458 3521 1628 3586 Headuino
1668 3523 1809 3586 recitare
1844 3539 1957 3583 nunna:

443 3651 485 3694 ex
505 3629 633 3692 loliano
648 3623 838 3707 comprobat
855 3623 1009 3686 Noaiaiua.
1025 3626 1067 3704 e).
1239 3619 1538 3687 ΑΝΤΙΟΧΕΩΝ.
1590 3617 1959 3686 ΜΗΤΡΟΠΟΛΕΩΣ.

507 3730 574 3792 Sed
596 3741 630 3792 et
651 3725 812 3810 Apollinis
834 3725 948 3788 initae
971 3723 1051 3786 urbe
1074 3721 1180 3786 eulina
1239 3721 1550 3787 ATTONOMOT.
1567 3723 1642 3790 ΖΣ.
1666 3727 1700 3786 in
1721 3726 1801 3788 alio:
1829 3719 1922 3786 ΓΚΣ.
1936 3721 1959 3798 ὅ)

443 3832 599 3906 eximius,
630 3829 696 3911 jam
724 3825 887 3891 conditori
914 3825 1055 3890 Seleuco
1083 3843 1182 3888 vena·
1238 3845 1352 3890 verum
1374 3839 1500 3889 constat
1519 3827 1635 3903 etiam,
1665 3827 1813 3892 enuditaa
1831 3823 1961 3887 hoallti·

443 3931 556 4004 nandi,
596 3930 687 4012 cujna
718 3941 823 3992 mater
848 3927 992 3990 Laodice
1024 3924 1086 3988 aibi
1115 3925 1182 3988 viaa
1239 3946 1295 3989 roa
1322 3925 1438 3990 alienia
1463 3947 1562 4011 saepe
1585 3929 1693 3992 oculia
1716 3950 1804 3992 uana.
1840 3927 1917 3990 Sane
1935 3922 1962 3982 in

443 4045 494 4098 oat
515 4051 576 4114 per
597 4031 741 4114 quietem
762 4051 805 4094 ex
826 4027 1000 4092 concubitu
1019 4027 1183 4111 Apollinis
1238 4027 1330 4090 nullo
1356 4027 1478 4093 idoneo
1506 4031 1655 4114 catalogo
1688 4031 1802 4114 reperi
1829 4030 1962 4090 hactenns

444 4131 654 4214 cancopiaaa,
677 4131 798 4216 quiquo
814 4143 1004 4214 propterea,
1028 4149 1103 4191 cum
1118 4127 1181 4190 An·
1237 4149 1372 4206 numoa,
1401 4129 1433 4191 in
1456 4151 1521 4216 quo
1543 4133 1655 4194 titulus
1681 4117 1963 4195 ATTONOMOT

442 4233 597 4298 tiochiam
623 4231 783 4304 condidit,
812 4251 943 4312 canapo·
964 4229 1037 4316 urbi
1058 4229 1181 4292 vicinos
1238 4229 1429 4312 conjunctus
1465 4245 1553 4295 aaaet
1584 4253 1657 4298 aum
1691 4253 1770 4296 aona
1800 4224 1966 4294 Seleucida·

444 4332 590 4418 Apollini
614 4329 748 4403 dicanit,
781 4343 817 4392 ut
839 4331 945 4393 relect
969 4328 1110 4391 luatinna
1132 4325 1181 4406 ἃ),
1238 4353 1321 4394 num.

445 4435 486 4498 dc
502 4433 635 4519 quibua,
652 4431 746 4495 dictio
764 4430 919 4513 Daphne,
933 4443 968 4492 ιιι
986 4443 1019 4492 et
1034 4428 1182 4524 de'cnltu
1305 4432 1408 4496 Sacra
1422 4446 1454 4496 et
1471 4435 1613 4518 asylum.
1638 4435 1696 4498 Sic
1719 4435 1806 4500 dicta
1824 4433 1905 4500 haut]
1922 4430 1967 4492 du·

483 4659 513 4726 a)
532 4655 704 4713 LXXXIX.
724 4667 784 4714 ιι.
854 4652 889 4725 h)
909 4651 1003 4712 Clam.
1015 4651 1102 4719 Alex.
1119 4654 1151 4710 in
1162 4666 1255 4730 proin.
1306 4658 1356 4732 .c)
1376 4655 1515 4715 Disalll.
1532 4679 1559 4716 c.
1570 4671 1597 4720 7.
1613 4658 1670 4716 snb
1687 4659 1759 4718 tait.
1827 4657 1859 4730 d),
1878 4651 1967 4712 niv.

447 4751 512 4804 ιιι
581 4741 988 4814 e)Aut.lud.h.Xll.c.3·
1061 4743 1301 4823 nupsit.
1377 4749 1560 4824 sipontus
1587 4761 1647 4812 itt·
