4168 5454
456 553 530 639 cot
654 531 724 628 sp
949 522 1500 626 ennavmarmara,
1635 635 1638 640 ¹

461 695 605 774 eandem·
623 708 814 774 varietatem
835 704 937 771 ltabea
963 707 1060 769 etiam
1078 701 1202 768 inmo·
1258 693 1404 769 raclidaa‘
1420 704 1651 789 Peloponneso
1676 710 1781 792 polana
1802 713 1953 784 Heracleae

458 827 535 884 aeta
556 810 667 892 Tyria.
997 882 1004 892 ⁸
1207 887 1209 892 ι
1258 821 1407 871 auctorne
1428 807 1506 871 facit
1528 805 1571 889 ιι).
1613 809 1708 893 Ergo
1721 813 1819 896 aquila
1838 829 1867 878 et
1883 819 1955 884 clara

444 919 449 927 '
522 914 677 976 Ceterum
696 912 728 974 in
747 910 938 974 Antiochiae
963 903 1069 972 nomia
1095 897 1215 990 aquila'
1256 907 1345 970 idem
1367 907 1399 969 in
1423 908 1473 971 bia
1494 910 1600 973 numia
1621 909 1812 994 significant,
1839 919 1912 1000 qnod
1929 923 1955 983 in
2043 943 2044 954 ³

458 1015 544 1080 levia
580 1014 703 1077 cultum
737 1011 827 1082 baud·
859 1011 956 1074 dubie
989 1010 1124 1093 reapicit
1157 1007 1200 1072 ob
1256 1009 1422 1072 nonnullis
1449 1010 1634 1074 Alexandri
1656 1015 1700 1079 Μ.
1729 1016 1955 1100 tetradraobmia,

416 1173 420 1180 .
458 1137 589 1191 caueae,
628 1135 706 1196 quaa
736 1115 842 1198 capite
873 1115 897 1178 1.
935 1111 966 1199 ᾗ.
992 1135 1019 1176 ι.
1053 1103 1198 1194 exposui.
1256 1109 1290 1170 in
1327 1109 1473 1194 quorum*
1506 1113 1582 1176 illae
1623 1115 1742 1180 avernia
1779 1118 1955 1198 exhibentur,

460 1217 635 1299 singulare
656 1229 723 1291 eat,
749 1227 782 1278 et
801 1215 940 1277 necdum
960 1213 1061 1278 credo
1079 1213 1199 1276 idonee
1256 1233 1376 1296 nempe
1396 1213 1540 1276 bonores
1558 1215 1701 1279 Ioviset
1721 1217 1875 1296 Herculia,
1894 1211 1957 1306 ¹qno·

458 1317 673 1400 explicatum,
698 1316 785 1378 idem
808 1309 875 1378 alea
903 1313 1122 1400 quadrupedia
1148 1333 1202 1376 co·
1257 1325 1330 1374 rum
1353 1314 1465 1376 iconae
1491 1316 1525 1376 in
1546 1317 1617 1378 aliia
1637 1312 1808 1382 Alexandri
1824 1321 1864 1382 M.
1882 1333 1958 1386 tetra·

458 1439 519 1501 xae
536 1418 702 1492 inaiatena,
724 1429 760 1479 ut
777 1417 890 1482 ridere
907 1431 957 1480 eat
974 1417 1007 1478 in
1026 1418 1131 1479 numia
1152 1429 1200 1492 alp,
1259 1413 1421 1478 drachmis
1441 1415 1556 1479 obviae
1575 1429 1660 1482 eunt.

459 1520 521 1595 nil,
543 1521 596 1584 dr.
634 1521 715 1582 Eam
739 1539 813 1581 eane
835 1519 920 1582 tauri
940 1521 1127 1602 portionem
1149 1538 1202 1580 au·
1321 1515 1382 1592 Aa,
1404 1517 1569 1601 inquiunt,
1593 1521 1847 1602 capati-Ieronlia
1864 1522 1964 1587 imber·
2043 1505 2044 1516 ἵ

458 1639 581 1708 gut-or,
612 1633 646 1683 et
668 1619 828 1682 adludere
853 1617 894 1682 ad
919 1619 1078 1694 fabulam,
1107 1639 1202 1703 quam
1258 1615 1301 1679 be
1333 1629 1367 1680 et
1395 1617 1443 1680 aie
1471 1613 1653 1682 laureatum
1673 1621 1795 1704 'paeeim
1819 1622 1913 1688 videat
1933 1628 1958 1688 in

457 1719 791 1802 eeiertLibaniuv).
821 1721 979 1782 Nimirum
997 1741 1070 1783 cum
1088 1721 1203 1782 Seleu·
1258 1719 1364 1780 numia
1394 1720 1492 1800 Tyri,
1527 1705 1626 1804 quem
1658 1721 1739 1788 adeo
1767 1722 1886 1788 dubium
1908 1746 1958 1788 non

458 1841 516 1884 eua
546 1833 674 1884 taurum
705 1835 878 1897 mactaret,
918 1823 1053 1905 ejusque
1094 1817 1202 1903 partes
1260 1834 1328 1896 est,
1353 1840 1426 1887 eoae
1448 1820 1630 1884 Herculem
1653 1823 1793 1904 Tyrium.
1823 1826 1902 1893 Eato.
1927 1831 1959 1890 At

456 1943 532 1986 arae
572 1923 777 2004 imponeret,
820 1922 950 2005 adlapsa
987 1924 1073 1986 lunia
1110 1923 1200 2004 jasan
1258 1939 1316 1982 cur
1352 1921 1549 1984 Antiocheui
1583 1924 1763 1986 Herculem
1797 1946 1878 1988 auum
1909 1947 1959 1989 non

457 2021 565 2103 aquila
589 2035 775 2104 correptam
801 2019 886 2086 ta'uri
910 2044 1022 2086 coxam
1045 2023 1085 2086 ad
1111 2045 1199 2086 aram
1257 2023 1354 2084 etiam
1383 2042 1424 2083 eo
1452 2023 1542 2084 cultu
1568 2038 1808 2107 proponerent,
1836 2047 1891 2111 quo
1908 2043 1960 2092 erat

457 2123 544 2188 iouia
564 2123 706 2186 Bottiaei
727 2123 859 2200 detulit,
884 2145 949 2209 qno
971 2125 1122 2208 prodigio
1146 2123 1200 2186 ad·
1257 2123 1375 2211 'ilyriua
1398 2143 1500 2206 usque
1518 2121 1601 2188 adeo
1617 2125 1654 2185 im
1674 2139 1832 2188 eotraetu
1846 2129 1960 2191 celebra·

456 2224 600 2286 monitus
629 2225 789 2288 Seleucea
817 2245 858 2288 eo
884 2225 1003 2288 deinde
1035 2226 1112 2288 loco
1135 2226 1200 2286 An·
1255 2225 1331 2287 tua?
1362 2225 1405 2287 Et
1424 2223 1502 2308 quid
1521 2237 1625 2306 vetat,
1654 2227 1866 2294 Antiocheam
1878 2229 1960 2312 ipram

456 2324 610 2409 tiocbiam
634 2325 791 2391 condidit.
829 2328 880 2390 Ex
904 2327 1001 2388 aimili
1029 2338 1198 2389 causaest
1245 2325 1351 2386 etiam
1370 2325 1524 2388 Herculia
1548 2327 1639 2407 Tyrii
1665 2327 1784 2422 cultum
1808 2332 1958 2412 recepitte,

455 2427 490 2486 in
520 2427 625 2488 numia
654 2425 863 2489 Nicomediae
893 2428 1000 2510 aquila
1029 2448 1102 2490 cam
1132 2450 1199 2490 aer·
1256 2442 1394 2510 eumque
1414 2425 1447 2484 in
1466 2426 1572 2488 numia
1592 2429 1823 2509 propcauiaae?
1849 2433 1892 2492 An
1910 2453 1960 2494 non

455 2541 572 2610 pente,
599 2541 633 2590 et
653 2529 686 2589 in
705 2529 810 2590 numia
826 2529 1043 2591 Alexandriae
1061 2531 1199 2591 Troadis
1255 2527 1342 2588 idem
1363 2527 1476 2590 fecere
1496 2529 1635 2590 Romani
1661 2529 1810 2612 signanda
1830 2531 1861 2591 in
1878 2532 1958 2592 namin

445 2621 564 2712 ‘aquila
603 2628 687 2690 tauri
724 2643 820 2710 caput
859 2629 1020 2711 unguibus
1059 2644 1198 2712 geatana.
1256 2629 1321 2690 auia
1345 2629 1468 2690 lunone
1493 2628 1612 2709 Sirpita
1630 2629 1769 2695 Lanuvii
1789 2629 1859 2708 dea,
1880 2633 1959 2695 Fero·

455 2729 587 2792 Clavem
616 2728 657 2790 ad
685 2721 865 2792 Herculem
895 2729 1103 2794 referendam
1132 2752 1198 2794 non
1254 2731 1308 2792 nia
1326 2729 1539 2804 Sabinorum,
1563 2733 1641 2793 lone
1666 2734 1792 2808 Axnre,
1816 2733 1959 2816 ipaoadeo

454 2828 600 2911 negabo,
623 2829 683 2891 aed
700 2849 808 2914 neque
826 2829 967 2894 dubitari
987 2845 1114 2914 poteat,
1137 2846 1197 2896 eta·
1253 2831 1418 2907 Hercule,
1442 2829 1709 2914 qualia-Gadibua
1729 2833 1902 2898 colebatur?
1919 2846 1959 2896 rut

452 2929 581 2991 bilitum
624 2931 779 2995 Herculia
822 2933 944 2995 cultum
987 2933 1196 3012 Antioohiae,
1253 2927 1289 2995 ut
1303 2932 1438 2996 Graecia
1459 2934 1619 3016 exemplis
1639 2948 1732 3011 utar,
1758 2935 1824 3018 qaia
1843 2935 1957 3016 ignorat,

454 3051 549 3113 quam
567 3033 765 3096 Macedones
785 3048 996 3114 exstruxere,
1013 3036 1098 3120 apud
1115 3057 1195 3121 quoe
1251 3033 1285 3093 in
1311 3035 1590 3116 Pergamenorum
1616 3049 1653 3096 et
1681 3035 1896 3098 Sardianorum
1916 3057 1960 3096 nn·

452 3132 647 3215 praecipuus
667 3133 821 3198 Herculia
840 3137 964 3212 cultus,
988 3150 1024 3198 nt
1046 3151 1134 3219 patet
1153 3158 1195 3200 er
1252 3153 1324 3197 mua
1351 3135 1537 3200 aduocatam
1563 3137 1734 3205 Veneram
1760 3137 1899 3220 Paphiam
1920 3155 1960 3197 re·

452 3233 510 3308 iia,
539 3253 621 3316 quae
647 3233 687 3298 ad
712 3255 827 3318 regum
848 3237 1058 3300 Macedoniae
1079 3261 1194 3302 numoa
1252 3235 1450 3298 motiaaimaa
1482 3237 1604 3318 Cypri,
1638 3252 1697 3300 ant
1724 3240 1960 3322 Mytilenaeorum
2043 3291 2044 3316 ,

454 3333 676 3398 disseruimus.
713 3337 867 3400 Herculia
896 3337 1040 3421 effigiem
1069 3339 1133 3421 jam
1160 3341 1194 3400 in
1229 3337 1387 3400 'Dianam
1410 3337 1606 3420 Pergaeam,
1635 3352 1693 3401 aut
1721 3339 1755 3401 in
1782 3340 1960 3423 plurimarum

453 3435 634 3518 primorum
666 3438 779 3519 Syriae
810 3461 926 3522 regam
955 3441 1061 3502 numia
1097 3441 1195 3504 habe·
1251 3439 1379 3500 urbium
1417 3459 1532 3502 numne
1562 3439 1702 3504 Dianam
1731 3442 1907 3524 Ephesiam,
1937 3453 1961 3499 et
2043 3437 2044 3528 l

453 3557 535 3601 rnna.
582 3539 625 3600 At
660 3539 747 3622 quod
781 3543 916 3622 propina
944 3541 1007 3602 bac
1035 3542 1192 3624 pertinet,
1249 3543 1360 3604 lovem
1380 3541 1593 3618 Ammonem,
1619 3555 1657 3604 nt
1681 3545 1822 3606 omittam
1844 3541 1961 3604 innume

453 3639 560 3702 refert
584 3629 701 3704 Malaia
723 3639 775 3719 b),
812 3641 937 3717 locam,
971 3643 1027 3724 qui
1054 3643 1198 3725 Daphne
1249 3663 1286 3704 ra
1304 3643 1366 3704 alia
1384 3643 1556 3726 exempla?
1580 3641 1670 3736 Quid
1688 3639 1959 3728 quadrimillimam
2043 3645 2044 3648 ’

454 3742 560 3804 aerina
589 3740 775 3820 dicebatur,
805 3741 926 3805 dictum
949 3743 1026 3805 olim
1047 3744 1196 3806 Heracli·
1251 3743 1406 3805 Herculia
1432 3745 1524 3827 Tyrii
1551 3758 1648 3828 caput
1674 3745 1806 3830 fingitur
1830 3746 1915 3808 etiam
1937 3744 1962 3801 iu

454 3842 549 3918 dem,
589 3843 676 3926 quod
710 3845 756 3905 ibi
790 3865 963 3926 cnpreaaoa
995 3845 1196 3927 plantaverat
1252 3857 1381 3907 moneta
1402 3843 1552 3907 Sardium
1569 3843 1660 3908 tanto
1678 3847 1846 3914 interuallo
1870 3847 1963 3907 diatan·

454 3943 618 4006 Herculea
649 3959 750 4026 myrta
779 3947 959 4028 palaestrae
987 3946 1109 4028 primun
1131 3967 1196 4008 rna·
1252 3945 1331 4006 tium
1356 3946 1410 4027 ογ.)
1440 3947 1484 4008 Et
1506 3947 1732 4011 Antiochenoa
1758 3935 1965 4033 quidem'lder·

455 4045 574 4127 gister,
597 4046 693 4128 eique
714 4045 755 4108 de
776 4067 812 4110 ae
828 4053 947 4108 nomen
966 4047 1065 4110 dedit.
1087 4048 1193 4109 Etiam
1252 4048 1359 4110 colem
1378 4049 1513 4129 Tyrium
1532 4047 1573 4109 ad
1592 4068 1628 4110 ae
1648 4069 1802 4112 evocaaae
1821 4061 1900 4111 tanto
1915 4066 1965 4105 ma·

453 4143 641 4208 Euetatbiua
667 4161 795 4223 narrat,
826 4148 1005 4229 Daphnen,
1023 4169 1118 4230 ,quae
1146 4161 1197 4209 eat
1253 4147 1303 4231 gia
1316 4148 1504 4224 verisimile,
1523 4149 1609 4232 quod
1624 4149 1797 4214 Antiochia
1811 4149 1964 4230 imperante

454 4259 594 4330 propter
609 4247 834 4322 Antiochiam,
855 4233 933 4310 oliin
955 4249 1070 4310 dictam
1093 4249 1197 4310 Hera·
1254 4249 1394 4332 Trojano
1411 4251 1538 4312 urbiam
1553 4252 1739 4316 Phoenices
1755 4250 1855 4314 adhuc
1869 4259 1966 4310 metro·

455 4349 558 4411 oleam
583 4350 631 4428 c),
663 4346 779 4428 quibua
808 4369 949 4410 consona
977 4349 1081 4411 refert
1102 4351 1204 4410 Liba·
1253 4351 1337 4431 polio
1356 4351 1427 4415 luit.

453 4451 545 4527 niue,
578 4448 637 4512 aed
659 4445 800 4531 quinon
823 4449 1018 4524 Herculem,
1051 4450 1110 4512 aed
1131 4453 1196 4512 He·
1316 4453 1356 4512 11.
1375 4453 1492 4515 Nullus
1512 4467 1615 4516 enatat
1632 4456 1713 4536 Tyri
1728 4477 1839 4518 numae
1851 4454 1965 4535 impera·

491 4673 521 4737 a)
541 4671 576 4725 Iu
591 4671 769 4729 Antiochino
786 4673 917 4730 Tumli·
934 4643 1037 4748 plici.
1117 4673 1151 4746 b)
1172 4664 1638 4752 Chronogr.1;.vt11.p.m.ae.
1722 4679 1753 4748 c)
1773 4643 1811 4729 ad
1825 4669 1964 4729 DiomPer.

454 4760 552 4828 v·916·
626 4759 660 4831 d)
680 4763 711 4818 iu
725 4763 899 4822 Antiochicu
917 4763 951 4818 Τ.
964 4763 1002 4820 lt.
1018 4773 1121 4838 pbil-
1197 4767 1227 4834 e)
1248 4763 1352 4838 llaym.
1368 4765 1457 4822 Thes.
1473 4765 1522 4821 Br.
1541 4767 1623 4826 ult.
1640 4765 1756 4830 tab-28·
1771 4771 1878 4824 uutu.8.
1894 4774 1916 4832 9.
