4196 5458
602 521 606 530 ’
739 531 1049 616 enonurcu.
1196 538 1201 552 ·
1580 563 1671 635 ..ὅ

116 699 307 786 Epigruphc
343 701 535 774 Phoenicio
577 704 645 782 Leo
677 705 863 788 discerpens
919 703 1027 770 cundo
1052 705 1198 774 additum
1225 708 1357 774 oheium
1380 727 1430 776 eet
1451 711 1484 776 io
1507 715 1578 801 ejua
1600 731 1664 782 tra·

114 817 266 880 tautum,
287 803 359 868 vele
377 804 610 886 leogrodierts.
632 807 742 875 ARN}
760 811 861 892 (Hae.
912 821 988 872 otuu
1016 810 1141 887 nomia,
1171 829 1209 875 ac
1236 813 1411 896 praecipue
1435 817 1660 902 Pamphyliae

110 905 209 970 Ceae.
241 901 389 985 Ducere,
421 907 571 974 Pellerin
600 901 683 976 llec.
705 911 760 976 111.
794 909 860 980 tuh.
917 923 954 972 ut
982 909 1101 974 videre
1126 925 1178 976 eet
1205 911 1240 975 ln
1269 936 1368 978 numo
1400 917 1548 982 Sidetum
1577 921 1662 1016 epod

116 1012 205 1092 m.)
752 1079 755 1084 ,
826 1053 829 1059 -
917 1012 1132 1076 Pellerinium
1154 1014 1414 1097 eaderntnhuln,
1442 1032 1476 1081 et
1499 1021 1532 1082 in
1556 1023 1662 1086 nomia

219 1075 784 1198 Treemtttresgeteeeiseutarttn
802 1120 862 1180 tri·
917 1114 1084 1197 dependi,
1114 1129 1147 1178 et
1177 1117 1279 1182 Malli.
1316 1119 1470 1203 Denique
1497 1121 1596 1187 iidem
1628 1125 1662 1186 hi

213 1219 315 1290 remi.
340 1218 433 1296 cujus
448 1236 549 1302 proto
563 1217 634 1295 jum
651 1222 761 1300 capite
777 1223 861 1285 orle-
919 1216 1065 1280 Sidetum
1095 1219 1185 1279 numi
1213 1220 1246 1280 in
1276 1219 1337 1285 hac
1357 1222 1530 1286 Pellerinii
1554 1225 1662 1292 tabula

214 1321 278 1396 tis,
292 1319 364 1398 J‘om
379 1339 457 1398 eque
450 1317 679 1406 praefigitur,
698 1317 788 1402 infru
801 1321 861 1385 Pe·
912 1319 1077 1402 prepositi
1103 1321 1294 1404 peregrinae
1317 1324 1413 1386 etiem
1436 1325 1548 1389 literae
1570 1330 1662 1390 exhi·

210 1440 320 1504 gustes
335 1423 496 1484 mortuus.
577 1471 580 1478 .
916 1421 1014 1500 hent,
1040 1424 1588 1506 quaa-uteipurePhoeniciaenon
1606 1442 1660 1492 nu'·

112 1519 304 1604 Epigraphe
324 1521 517 1584 Phoenicia.
549 1523 618 1586 Leo
642 1517 773 1588 cervum
794 1524 860 1587 dis·
916 1522 978 1584 eim
999 1521 1129 1600 dicere,
1154 1537 1228 1586 eunt
1248 1535 1361 1589 tamen
1376 1529 1562 1592 Phoeniciis
1582 1529 1661 1594 adfl-

109 1643 257 1706 eerpens.
278 1624 391 1689 All-1.
413 1625 515 1708 (ttae.
531 1623 642 1708 Caes.)
916 1643 993 1702 nee,
1026 1637 1060 1688 et
1086 1624 1171 1687 haud
1199 1625 1302 1691 dubie·
1326 1629 1433 1693 verioe
1462 1629 1580 1695 modoe
1606 1654 1661 1695 ex·

211 1725 407 1792 Mercurius
428 1725 693 1809 praegrandibus
716 1727 783 1790 etis
810 1729 861 1790 ιἰι-
914 1739 1030 1808 pertae
1046 1741 1184 1811 propter
1201 1729 1361 1793 variarunt
1383 1732 1528 1814 gentiunt
1545 1733 1578 1795 in
1594 1709 1658 1799 hoe

210 1839 360 1894 structus
375 1829 553 1894 seeundum
568 1829 739 1906 humeros,
755 1827 861 1892 oletis
915 1829 1016 1894 meria
1037 1829 1272 1892 mediterranei
1291 1829 1388 1895 litore
1408 1835 1659 1916 permixtionem

109 1951 112 1960 ’
209 1933 293 1994 item
309 1931 469 2012 pedihus,
488 1930 587 2014 flexo
609 1931 749 1993 sinistro
770 1949 861 2012 genu
915 1929 1014 1994 etiem
1034 1929 1188 1994 Straboni
1209 1947 1431 2001 memoratam.
1471 1935 1561 1998 letud
1588 1957 1659 2000 cer·
1682 1958 1686 1974 ·

209 2033 384 2096 dexteram
404 2031 536 2108 ιιιιιὶἰι,
557 2041 645 2093 retro
663 2032 836 2094 collucens.
914 2043 1001 2111 tnnr,
1036 2033 1098 2096 hoa
1125 2053 1244 2098 numos
1268 2035 1378 2119 'regno
1403 2007 1582 2100 Alexandri
1612 2043 1655 2104 hl.
1720 2103 1728 2118 ,

109 2131 309 2218 Epigeuplre'
323 2113 512 2216 peregrine.
546 2132 615 2194 Leo
638 2143 788 2194 storeae
809 2153 859 2195 re·
915 2135 1218 2215 eeeevetuetioree,
1240 2137 1660 2203 utrecteetinruadrertit

107 2239 256 2316 aetatem
275 2239 368 2300 iutro
385 2233 595 2316 quadratum
617 2231 689 2300 AR.
706 2233 732 2300 1.
755 2235 856 2318 (Moe.
912 2234 1131 2314 Pelleriniue,
1158 2256 1225 2321 quc
1245 2250 1396 2322 tempore
1418 2237 1525 2304 adhue
1546 2240 1659 2324 lingua

108 2337 225 2420 Coeo.)
913 2335 1091 2402 domestice
1118 2340 1318 2422 praevaluit,
1348 2339 1409 2404 eed
1430 2362 1528 2428 quam
1547 2343 1659 2427 paullo
1696 2415 1700 2422 ,

210 2437 375 2514 Heeeules
389 2437 535 2512 elevem,
558 2437 612 2498 uel
625 2457 738 2500 orcum
752 2438 859 2502 inten-
915 2452 990 2523 poet
1011 2453 1208 2524 praepotene
1231 2440 1433 2506 Graecorum
1461 2445 1572 2530 lingua
1598 2447 1659 2509 eal·

211 2555 301 2605 eone.
915 2554 982 2604 tem
1005 2561 1046 2604 ex
1066 2542 1172 2605 numia
1190 2544 1323 2608 exulare
1340 2545 1443 2627 jueeit.
1474 2549 1658 2609 Inmonetu

108 2643 501 2730 EpigroplrePhoenieio.
521 2641 590 2703 Leo
602 2659 733 2704 ceruum
748 2643 861 2720 deper-
915 2633 1008 2707 Malli
1029 2631 1163 2709 Ciliciae
1184 2645 1320 2709 recitavi
1340 2665 1456 2710 numos
1483 2647 1578 2730 hujus
1605 2670 1659 2709 nr·

109 2767 196 2812 cene.
220 2745 292 2812 tv.
307 2745 362 2811 111.
383 2743 490 2810 AM
508 2743 549 2810 tt.
572 2741 736 2826 (Pellerin
757 2739 779 2807 l.
791 2744 838 2824 c.)
916 2745 982 2825 hie,
1004 2767 1046 2810 ex
1063 2767 1202 2833 quorum
1219 2761 1297 2830 typo
1315 2749 1411 2832 plane
1429 2749 1565 2812 Persico
1582 2748 1658 2812 satie
1743 2805 1748 2816 .

116 2867 119 2876 ’
172 2847 208 2910 ld
228 2865 335 2932 genoe
353 2864 469 2908 nomeu
485 2845 568 2908 alio·
584 2845 726 2908 recitare
743 2865 858 2927 cuper·
916 2860 1065 2932 apparet,
1083 2850 1226 2934 signatos
1243 2867 1318 2928 ece,
1335 2867 1409 2913 cum
1424 2847 1531 2914 adhuc
1547 2851 1658 2915 Pereia

107 2949 231 3026 uedeo,
259 2948 348 3033 quod
367 2969 483 3012 eorum
505 2945 680 3012 maximum
702 2948 856 3010 meritum
913 2963 1060 3032 pareret.

107 3057 141 3116 ln
165 3053 337 3116 liternum
363 3053 450 3116 varia
475 3049 581 3114 forma
608 3039 774 3126 concietit,
801 3067 857 3112 eo·
975 3053 1013 3114 ln
1034 3053 1139 3114 numia
1161 3051 1269 3134 primo
1290 3051 1367 3116 loeo
1389 3053 1564 3138 descriptie'
1584 3077 1659 3140 pro·

107 3175 249 3240 rumque
267 3154 351 3218 adeo
367 3152 543 3217 iconiemoa
562 3153 668 3217 oculie
686 3150 764 3235 ipaie
781 3150 857 3214 eub-
911 3165 988 3237 pter
1001 3153 1184 3216 adetitutam
1200 3145 1357 3236 aquilam,
1375 3167 1409 3217 et
1425 3155 1493 3218 orie
1511 3157 1659 3238 majesta·

106 3258 213 3340 jieare
239 3273 378 3321 aeceaee
404 3267 473 3330 eat,
505 3275 586 3340 quoa
614 3253 729 3318 ridere
759 3267 854 3338 putee
911 3269 978 3319 tem
1000 3255 1097 3319 facilc
1120 3256 1231 3316 lovem
1254 3273 1415 3340 agnosco,
1444 3257 1505 3318 etei
1524 3256 1655 3321 hotrum

107 3357 194 3443 apud
208 3357 426 3424 Pelleninium
442 3359 491 3437 ¹),
506 3358 702 3419 Dotenuium
718 3353 766 3436 b),
784 3369 854 3420 tunt
911 3355 1048 3421 dextera
1075 3355 1259 3440 praeierat,
1292 3377 1389 3442 quem
1413 3360 1538 3442 privata
1566 3359 1657 3423 urhie'

106 3481 203 3526 ante
226 3479 268 3525 ex
290 3476 404 3528 mueeo
424 3458 585 3522 Caesareo
606 3457 657 3521 hia
678 3458 785 3522 editoe
805 3459 854 3540 ο),
910 3459 1031 3544 religio
1052 3457 1122 3522 Iovi
1145 3458 1275 3546 videtur
1295 3458 1458 3522 tribulano.
1495 3461 1597 3522 lidern
1621 3462 1657 3523 hi

106 3579 141 3630 et
155 3566 190 3628 in
204 3583 321 3627 moneo
333 3559 520 3625 Pentbroclt
534 3559 579 3644 d).
600 3562 644 3625 ht
657 3581 753 3637 nuno,
765 3560 854 3646 qnod
910 3561 1001 3625 numi
1022 3560 1238 3644 persuadent,
1258 3561 1367 3624 'deum
1389 3561 1488 3625 simili
1508 3561 1598 3626 cultu
1620 3561 1655 3623 in

106 3687 208 3753 cupra
240 3665 475 3751 promicet-am,
515 3661 722 3751 expedienda
750 3663 853 3741 ratio,
909 3681 1010 3728 numo
1026 3661 1144 3746 Negidi
1162 3675 1316 3740 utentem,
1345 3685 1442 3749 quem
1461 3665 1539 3726 olim
1558 3683 1655 3729 cenea

105 3789 191 3856 quae
212 3787 330 3830 numo·
352 3767 492 3843 eimilee,
514 3786 596 3850 quoe
617 3765 773 3829 hactonus
797 3765 855 3830 de·
909 3765 998 3830 hotri
1016 3783 1089 3828 esee
1101 3763 1266 3829 Bacchum
1280 3763 1426 3830 indicum
1442 3766 1593 3850 putabam
1615 3765 1654 3846 s),

105 3871 322 3956 ccxipeernm,
343 3869 378 3930 in
397 3868 545 3932 Ciliciam
565 3867 763 3932 referendo·
783 3889 854 3932 ena·
909 3871 1021 3934 Iovem
1040 3887 1171 3952 quoque
1192 3867 1385 3950 putandum,
1407 3887 1547 3955 cumque
1564 3865 1654 3930 idem

106 3973 194 4038 daur.
213 3973 360 4035 Primum
369 3970 569 4037 Pelleriniue
583 3972 761 4056 pleroequc
776 3991 852 4034 tuoe
907 3970 963 4034 hic
991 3989 1108 4032 numne
1139 3969 1249 4033 verine
1281 3969 1323 4033 eit
1351 3969 1470 4056 Nagidi
1499 3969 1653 4046 Ciliciae,

104 4077 169 4140 eibi
192 4093 236 4139 ex
256 4074 444 4139 Caramanie
464 4075 590 4138 adlatos
608 4087 766 4152 textatur,
797 4093 851 4138 cu·
908 4090 1004 4158 qoam
1025 4069 1141 4153 Cypri,
1171 4069 1286 4134 eadem
1315 4069 1397 4134 haec
1426 4071 1496 4155 typi
1517 4073 1652 4136 conitor-

103 4181 155 4264 ju·
184 4190 313 4263 partem
340 4192 436 4242 vetus
464 4176 577 4241 Cilicia
602 4175 716 4240 efficit
757 4175 849 4238 Idem
907 4173 960 4238 dia
979 4171 1159 4239 verisimile
1181 4171 1274 4251 iacit,
1303 4187 1493 4258 praesentes
1519 4193 1649 4260 quoque

105 4281 335 4368 experimento
354 4281 470 4345 doctae
487 4279 660 4344 confirmat
676 4277 773 4341 abbae
791 4278 850 4341 Se·
906 4296 1023 4342 namot
1050 4273 1231 4339 Phoenicio
1260 4275 1449 4340 charactere
1476 4277 1672 4360 inscriptoe'

105 4387 208 4448 uina·
227 4385 270 4466 ).
299 4383 430 4448 Deinde
452 4403 519 4446 non
539 4383 635 4468 pauci
657 4399 699 4445 ex
719 4357 777 4442 hie
792 4378 850 4442 ho·
907 4377 1054 4462 einedem
1072 4397 1145 4442 eece
1167 4377 1323 4463 regionis.
1345 4379 1463 4448 Vtrum
1483 4397 1564 4441 vero
1586 4377 1649 4441 tint

104 4509 180 4554 rexn
193 4489 344 4551 lacuum
360 4485 532 4564 exhibent,
550 4481 680 4570 qnod'
653 4501 780 4568 ngnurn
797 4501 847 4547 ee·
906 4481 1017 4559 Malli,
1059 4491 1093 4544 et
1125 4479 1305 4566 epigraphe
1337 4479 1480 4565 legenda
1507 4474 1646 4544 BAAL.

140 4709 329 4788 nocent
345 4711 479 4774 tum.
540 4710 577 4782 t)
594 4705 655 4767 tc.
683 4675 704 4768 ἶ
717 4711 750 4782 c)
770 4704 867 4765 carn
882 4723 958 4762 mus.
974 4703 1061 4762 caea.
1077 4705 1113 4762 r.
1123 4705 1147 4763 1.
1162 4705 1271 4766 unu.
1287 4716 1318 4762 er
1333 4718 1413 4766 aum.
1427 4713 1484 4763 vu.
1498 4683 1651 4788 tanniu.
1706 4753 1711 4760 .

106 4803 141 4876 d)
160 4801 289 4862 Part-11.
305 4801 422 4868 eahae.
439 4811 485 4866 tte.
547 4801 581 4876 e)
599 4799 719 4859 Lettere
732 4799 770 4854 Τ.
780 4797 833 4858 111.
849 4817 880 4874 p·
891 4807 1021 4872 toeseq.
1082 4793 1290 4866 illlumset.
1306 4805 1408 4870 pest.
