<?xml version="1.0" encoding="UTF-8"?>
<!DOCTYPE html PUBLIC "-//W3C//DTD XHTML 1.0 Transitional//EN"
    "http://www.w3.org/TR/xhtml1/DTD/xhtml1-transitional.dtd">
<html xmlns="http://www.w3.org/1999/xhtml" xml:lang="en" lang="en">
 <head>
  <title>
</title>
<meta http-equiv="Content-Type" content="text/html;charset=utf-8" />
  <meta name='ocr-system' content='tesseract 3.04.00' />
  <meta name='ocr-capabilities' content='ocr_page ocr_carea ocr_par ocr_line ocrx_word'/>
</head>
<body>
  <div class='ocr_page' id='page_1' title='image "./doctrinanumorum02hohlgoog/doctrinanumorum02hohlgoog_0315.png"; bbox 0 0 4168 5454; ppageno 0'>
   <div class='ocr_carea' id='block_1_1' title="bbox 449 463 1501 588">
    <p class='ocr_par' dir='ltr' id='par_1_1' title="bbox 449 463 1501 588">
     <span class='ocr_line' id='line_1_1' title="bbox 449 463 1501 588; baseline -0.022 -5"><span class='ocrx_word' id='word_1_1' title='bbox 449 514 523 588; x_wconf 75' lang='lat' dir='ltr'>sos</span> <span class='ocrx_word' id='word_1_2' title='bbox 928 485 1247 582; x_wconf 70' lang='lat' dir='ltr'>annovam,</span> <span class='ocrx_word' id='word_1_3' title='bbox 1282 463 1501 562; x_wconf 70' lang='lat' dir='ltr'>etanta</span> 
     </span>
    </p>
   </div>
   <div class='ocr_carea' id='block_1_2' title="bbox 367 659 1975 4516">
    <p class='ocr_par' dir='ltr' id='par_1_2' title="bbox 367 659 1975 4516">
     <span class='ocr_line' id='line_1_2' title="bbox 452 659 1949 763; baseline 0.003 -31"><span class='ocrx_word' id='word_1_4' title='bbox 452 667 646 752; x_wconf 76' lang='lat' dir='ltr'>ambigitur,</span> <span class='ocrx_word' id='word_1_5' title='bbox 665 668 786 728; x_wconf 77' lang='lat' dir='ltr'>narroa&#39;</span> <span class='ocrx_word' id='word_1_6' title='bbox 799 679 872 726; x_wconf 84' lang='lat' dir='ltr'>esse</span> <span class='ocrx_word' id='word_1_7' title='bbox 887 659 1128 739; x_wconf 76' lang='lat' dir='ltr'>Antiochense,</span> <span class='ocrx_word' id='word_1_8' title='bbox 1148 673 1197 724; x_wconf 89' lang='lat' dir='ltr'>te·</span> <span class='ocrx_word' id='word_1_9' title='bbox 1253 661 1387 747; x_wconf 73' lang='lat' dir='ltr'>cipiunt.</span> <span class='ocrx_word' id='word_1_10' title='bbox 1409 663 1535 724; x_wconf 82' lang='lat' dir='ltr'>Tamen</span> <span class='ocrx_word' id='word_1_11' title='bbox 1551 662 1594 726; x_wconf 82' lang='lat' dir='ltr'>oi.</span> <span class='ocrx_word' id='word_1_12' title='bbox 1610 661 1752 729; x_wconf 81' lang='lat' dir='ltr'>Sestiana</span> <span class='ocrx_word' id='word_1_13' title='bbox 1766 679 1949 763; x_wconf 63' lang='lat' dir='ltr'>promulgavit</span> 
     </span>
     <span class='ocr_line' id='line_1_3' title="bbox 451 761 1950 855; baseline 0.004 -22"><span class='ocrx_word' id='word_1_14' title='bbox 451 765 842 855; x_wconf 78' lang='lat' dir='ltr'>atatorqoeVaillantios,</span> <span class='ocrx_word' id='word_1_15' title='bbox 858 765 1025 848; x_wconf 81' lang='lat' dir='ltr'>ingentem</span> <span class='ocrx_word' id='word_1_16' title='bbox 1042 763 1196 826; x_wconf 85' lang='lat' dir='ltr'>similium</span> <span class='ocrx_word' id='word_1_17' title='bbox 1252 784 1387 828; x_wconf 88' lang='lat' dir='ltr'>nomam</span> <span class='ocrx_word' id='word_1_18' title='bbox 1410 761 1550 840; x_wconf 76' lang='lat' dir='ltr'>Severi,</span> <span class='ocrx_word' id='word_1_19' title='bbox 1580 762 1615 824; x_wconf 84' lang='lat' dir='ltr'>in</span> <span class='ocrx_word' id='word_1_20' title='bbox 1642 768 1729 848; x_wconf 85' lang='lat' dir='ltr'>cujas</span> <span class='ocrx_word' id='word_1_21' title='bbox 1750 793 1870 838; x_wconf 76' lang='lat' dir='ltr'>aversa:</span> <span class='ocrx_word' id='word_1_22' title='bbox 1891 782 1950 846; x_wconf 86' lang='grc' dir='ltr'>ΚΟ.</span> 
     </span>
     <span class='ocr_line' id='line_1_4' title="bbox 450 863 1951 950; baseline 0.005 -12"><span class='ocrx_word' id='word_1_23' title='bbox 450 893 624 938; x_wconf 85' lang='lat' dir='ltr'>numornm</span> <span class='ocrx_word' id='word_1_24' title='bbox 649 871 716 936; x_wconf 78' lang='lat' dir='ltr'>vim</span> <span class='ocrx_word' id='word_1_25' title='bbox 741 869 776 930; x_wconf 91' lang='lat' dir='ltr'>in</span> <span class='ocrx_word' id='word_1_26' title='bbox 799 865 892 948; x_wconf 82' lang='lat' dir='ltr'>Syria</span> <span class='ocrx_word' id='word_1_27' title='bbox 916 865 958 928; x_wconf 85' lang='lat' dir='ltr'>ad</span> <span class='ocrx_word' id='word_1_28' title='bbox 982 866 1066 929; x_wconf 87' lang='lat' dir='ltr'>hano</span> <span class='ocrx_word' id='word_1_29' title='bbox 1092 885 1195 950; x_wconf 79' lang='lat' dir='ltr'>usqae</span> <span class='ocrx_word' id='word_1_30' title='bbox 1252 863 1519 930; x_wconf 85' lang='grc' dir='ltr'>ΛΩΝΙΑ····</span> <span class='ocrx_word' id='word_1_31' title='bbox 1533 864 1576 929; x_wconf 83' lang='lat' dir='ltr'>A.</span> <span class='ocrx_word' id='word_1_32' title='bbox 1599 867 1723 947; x_wconf 80' lang='lat' dir='ltr'>Apollo</span> <span class='ocrx_word' id='word_1_33' title='bbox 1736 874 1866 941; x_wconf 83' lang='lat' dir='ltr'>stolatus</span> <span class='ocrx_word' id='word_1_34' title='bbox 1877 893 1951 944; x_wconf 85' lang='lat' dir='ltr'>stans</span> 
     </span>
     <span class='ocr_line' id='line_1_5' title="bbox 444 966 1951 1058; baseline -0.003 -19"><span class='ocrx_word' id='word_1_35' title='bbox 444 975 542 1041; x_wconf 82' lang='lat' dir='ltr'>diem</span> <span class='ocrx_word' id='word_1_36' title='bbox 559 972 702 1058; x_wconf 87' lang='lat' dir='ltr'>reperiri</span> <span class='ocrx_word' id='word_1_37' title='bbox 718 973 775 1054; x_wconf 74' lang='lat'>¹).‘</span> <span class='ocrx_word' id='word_1_38' title='bbox 800 968 885 1032; x_wconf 81' lang='lat' dir='ltr'>Sane</span> <span class='ocrx_word' id='word_1_39' title='bbox 908 966 1025 1030; x_wconf 88' lang='lat' dir='ltr'>literae</span> <span class='ocrx_word' id='word_1_40' title='bbox 1048 967 1082 1029; x_wconf 88' lang='lat' dir='ltr'>S.</span> <span class='ocrx_word' id='word_1_41' title='bbox 1100 966 1136 1031; x_wconf 88' lang='lat' dir='ltr'>C.</span> <span class='ocrx_word' id='word_1_42' title='bbox 1163 978 1197 1028; x_wconf 87' lang='lat' dir='ltr'>et</span> <span class='ocrx_word' id='word_1_43' title='bbox 1254 971 1285 1032; x_wconf 80' lang='lat' dir='ltr'>d.</span> <span class='ocrx_word' id='word_1_44' title='bbox 1300 982 1472 1052; x_wconf 83' lang='lat' dir='ltr'>poteram,</span> <span class='ocrx_word' id='word_1_45' title='bbox 1493 989 1520 1030; x_wconf 83' lang='lat' dir='ltr'>s.</span> <span class='ocrx_word' id='word_1_46' title='bbox 1538 967 1647 1049; x_wconf 84' lang='lat' dir='ltr'>lyram</span> <span class='ocrx_word' id='word_1_47' title='bbox 1663 967 1710 1052; x_wconf 74' lang='lat' dir='ltr'>d),</span> <span class='ocrx_word' id='word_1_48' title='bbox 1730 975 1951 1058; x_wconf 60' lang='lat' dir='ltr'>carrionense,</span> 
     </span>
     <span class='ocr_line' id='line_1_6' title="bbox 453 1067 1951 1162; baseline 0.004 -22"><span class='ocrx_word' id='word_1_49' title='bbox 453 1075 493 1146; x_wconf 87' lang='grc' dir='ltr'>Δ.</span> <span class='ocrx_word' id='word_1_50' title='bbox 509 1077 549 1140; x_wconf 83' lang='grc' dir='ltr'>Ε.</span> <span class='ocrx_word' id='word_1_51' title='bbox 569 1091 638 1140; x_wconf 85' lang='lat' dir='ltr'>tam</span> <span class='ocrx_word' id='word_1_52' title='bbox 653 1087 687 1137; x_wconf 89' lang='lat' dir='ltr'>et</span> <span class='ocrx_word' id='word_1_53' title='bbox 703 1085 801 1155; x_wconf 83' lang='lat' dir='ltr'>typus</span> <span class='ocrx_word' id='word_1_54' title='bbox 816 1070 928 1133; x_wconf 81' lang='lat' dir='ltr'>arietis</span> <span class='ocrx_word' id='word_1_55' title='bbox 945 1068 984 1129; x_wconf 78' lang='lat' dir='ltr'>&#39;in</span> <span class='ocrx_word' id='word_1_56' title='bbox 1005 1067 1103 1132; x_wconf 87' lang='lat' dir='ltr'>eitato</span> <span class='ocrx_word' id='word_1_57' title='bbox 1118 1087 1196 1130; x_wconf 83' lang='lat' dir='ltr'>mox</span> <span class='ocrx_word' id='word_1_58' title='bbox 1253 1069 1325 1152; x_wconf 80' lang='lat' dir='ltr'>ejus</span> <span class='ocrx_word' id='word_1_59' title='bbox 1343 1069 1536 1134; x_wconf 87' lang='lat' dir='ltr'>iconismum</span> <span class='ocrx_word' id='word_1_60' title='bbox 1556 1068 1699 1134; x_wconf 77' lang='lat' dir='ltr'>dedisset</span> <span class='ocrx_word' id='word_1_61' title='bbox 1713 1074 1751 1154; x_wconf 66' lang='grc' dir='ltr'>ε).</span> <span class='ocrx_word' id='word_1_62' title='bbox 1773 1075 1834 1140; x_wconf 86' lang='lat' dir='ltr'>Sed</span> <span class='ocrx_word' id='word_1_63' title='bbox 1848 1101 1951 1162; x_wconf 76' lang='lat' dir='ltr'>vereor,</span> 
     </span>
     <span class='ocr_line' id='line_1_7' title="bbox 450 1167 1952 1262; baseline 0.005 -20"><span class='ocrx_word' id='word_1_64' title='bbox 450 1177 622 1262; x_wconf 80' lang='lat' dir='ltr'>Eiagabali</span> <span class='ocrx_word' id='word_1_65' title='bbox 642 1195 760 1250; x_wconf 85' lang='lat' dir='ltr'>namo,</span> <span class='ocrx_word' id='word_1_66' title='bbox 783 1171 934 1256; x_wconf 87' lang='lat' dir='ltr'>qnoniam</span> <span class='ocrx_word' id='word_1_67' title='bbox 952 1169 1069 1232; x_wconf 84' lang='lat' dir='ltr'>eadem</span> <span class='ocrx_word' id='word_1_68' title='bbox 1089 1167 1197 1232; x_wconf 84' lang='lat' dir='ltr'>omnia</span> <span class='ocrx_word' id='word_1_69' title='bbox 1253 1183 1289 1234; x_wconf 85' lang='lat' dir='ltr'>nt</span> <span class='ocrx_word' id='word_1_70' title='bbox 1303 1191 1420 1234; x_wconf 82' lang='lat' dir='ltr'>nomas</span> <span class='ocrx_word' id='word_1_71' title='bbox 1435 1171 1482 1237; x_wconf 87' lang='lat' dir='ltr'>sio</span> <span class='ocrx_word' id='word_1_72' title='bbox 1498 1172 1627 1236; x_wconf 79' lang='lat' dir='ltr'>vitiatas</span> <span class='ocrx_word' id='word_1_73' title='bbox 1643 1174 1741 1258; x_wconf 85' lang='lat' dir='ltr'>possit</span> <span class='ocrx_word' id='word_1_74' title='bbox 1756 1191 1869 1244; x_wconf 85' lang='lat' dir='ltr'>certam</span> <span class='ocrx_word' id='word_1_75' title='bbox 1881 1185 1952 1250; x_wconf 83' lang='lat' dir='ltr'>Pauli</span> 
     </span>
     <span class='ocr_line' id='line_1_8' title="bbox 452 1270 1735 1343; baseline -0.004 0"><span class='ocrx_word' id='word_1_76' title='bbox 452 1293 528 1343; x_wconf 82' lang='lat' dir='ltr'>aunt</span> <span class='ocrx_word' id='word_1_77' title='bbox 548 1279 582 1340; x_wconf 92' lang='lat' dir='ltr'>in</span> <span class='ocrx_word' id='word_1_78' title='bbox 600 1279 699 1341; x_wconf 85' lang='lat' dir='ltr'>certia</span> <span class='ocrx_word' id='word_1_79' title='bbox 720 1274 855 1338; x_wconf 82' lang='lat' dir='ltr'>aliarum</span> <span class='ocrx_word' id='word_1_80' title='bbox 878 1270 1028 1335; x_wconf 83' lang='lat' dir='ltr'>oleariam</span> <span class='ocrx_word' id='word_1_81' title='bbox 1045 1283 1196 1334; x_wconf 87' lang='lat' dir='ltr'>monetae</span> <span class='ocrx_word' id='word_1_82' title='bbox 1252 1273 1473 1338; x_wconf 84' lang='lat' dir='ltr'>testimoninm</span> <span class='ocrx_word' id='word_1_83' title='bbox 1494 1287 1661 1338; x_wconf 78' lang='lat' dir='ltr'>evertere.</span> <span class='ocrx_word' id='word_1_84' title='bbox 1732 1299 1735 1302; x_wconf 94' lang='lat'>·</span> 
     </span>
     <span class='ocr_line' id='line_1_9' title="bbox 451 1373 1954 1461; baseline 0.004 -15"><span class='ocrx_word' id='word_1_85' title='bbox 451 1379 678 1446; x_wconf 78' lang='lat' dir='ltr'>hatiorhe&#39;nae</span> <span class='ocrx_word' id='word_1_86' title='bbox 714 1375 842 1453; x_wconf 86' lang='lat' dir='ltr'>nomia,</span> <span class='ocrx_word' id='word_1_87' title='bbox 870 1373 1093 1437; x_wconf 78' lang='lat' dir='ltr'>Antiochenoa</span> <span class='ocrx_word' id='word_1_88' title='bbox 1122 1391 1195 1434; x_wconf 83' lang='lat' dir='ltr'>esee</span> <span class='ocrx_word' id='word_1_89' title='bbox 1315 1377 1408 1461; x_wconf 76' lang='lat' dir='ltr'>Ergo</span> <span class='ocrx_word' id='word_1_90' title='bbox 1424 1376 1516 1438; x_wconf 82' lang='lat' dir='ltr'>nanti</span> <span class='ocrx_word' id='word_1_91' title='bbox 1531 1376 1724 1442; x_wconf 76' lang='lat' dir='ltr'>Antioohiae</span> <span class='ocrx_word' id='word_1_92' title='bbox 1745 1379 1878 1448; x_wconf 83' lang='lat' dir='ltr'>coloniae</span> <span class='ocrx_word' id='word_1_93' title='bbox 1894 1386 1954 1453; x_wconf 84' lang='lat' dir='ltr'>iari-</span> 
     </span>
     <span class='ocr_line' id='line_1_10' title="bbox 449 1477 1956 1562; baseline -0.004 -16"><span class='ocrx_word' id='word_1_94' title='bbox 449 1483 513 1546; x_wconf 85' lang='lat' dir='ltr'>hoa</span> <span class='ocrx_word' id='word_1_95' title='bbox 530 1503 646 1544; x_wconf 84' lang='lat' dir='ltr'>numos</span> <span class='ocrx_word' id='word_1_96' title='bbox 664 1478 786 1543; x_wconf 83' lang='lat' dir='ltr'>invicte</span> <span class='ocrx_word' id='word_1_97' title='bbox 803 1489 953 1562; x_wconf 79' lang='lat' dir='ltr'>arguunt.</span> <span class='ocrx_word' id='word_1_98' title='bbox 983 1477 1197 1538; x_wconf 73' lang='lat' dir='ltr'>Temenum</span> <span class='ocrx_word' id='word_1_99' title='bbox 1253 1477 1367 1562; x_wconf 85' lang='lat' dir='ltr'>piant,</span> <span class='ocrx_word' id='word_1_100' title='bbox 1388 1491 1425 1540; x_wconf 88' lang='lat' dir='ltr'>nt</span> <span class='ocrx_word' id='word_1_101' title='bbox 1449 1477 1537 1556; x_wconf 84' lang='lat' dir='ltr'>dixi,</span> <span class='ocrx_word' id='word_1_102' title='bbox 1559 1477 1620 1542; x_wconf 84' lang='lat' dir='ltr'>sah</span> <span class='ocrx_word' id='word_1_103' title='bbox 1637 1478 1815 1562; x_wconf 69' lang='lat' dir='ltr'>Caracalli,</span> <span class='ocrx_word' id='word_1_104' title='bbox 1843 1501 1872 1550; x_wconf 79' lang='lat' dir='ltr'>et</span> <span class='ocrx_word' id='word_1_105' title='bbox 1893 1487 1956 1552; x_wconf 64' lang='lat'>(1025.</span> 
     </span>
     <span class='ocr_line' id='line_1_11' title="bbox 449 1573 1956 1668; baseline 0.004 -20"><span class='ocrx_word' id='word_1_106' title='bbox 449 1583 495 1648; x_wconf 83' lang='lat' dir='ltr'>id.</span> <span class='ocrx_word' id='word_1_107' title='bbox 509 1605 613 1667; x_wconf 81' lang='lat' dir='ltr'>genna</span> <span class='ocrx_word' id='word_1_108' title='bbox 633 1580 729 1645; x_wconf 84' lang='lat' dir='ltr'>malti</span> <span class='ocrx_word' id='word_1_109' title='bbox 745 1578 831 1644; x_wconf 87' lang='lat' dir='ltr'>hand</span> <span class='ocrx_word' id='word_1_110' title='bbox 852 1579 896 1642; x_wconf 89' lang='lat' dir='ltr'>ita</span> <span class='ocrx_word' id='word_1_111' title='bbox 918 1575 1047 1662; x_wconf 80' lang='lat' dir='ltr'><strong>pridem</strong></span> <span class='ocrx_word' id='word_1_112' title='bbox 1069 1573 1196 1660; x_wconf 83' lang='lat' dir='ltr'>reperti</span> <span class='ocrx_word' id='word_1_113' title='bbox 1253 1593 1335 1642; x_wconf 84' lang='lat' dir='ltr'>nant</span> <span class='ocrx_word' id='word_1_114' title='bbox 1354 1578 1414 1642; x_wconf 88' lang='lat' dir='ltr'>anh</span> <span class='ocrx_word' id='word_1_115' title='bbox 1432 1579 1628 1657; x_wconf 83' lang='lat' dir='ltr'>Valeriano,</span> <span class='ocrx_word' id='word_1_116' title='bbox 1652 1581 1711 1644; x_wconf 82' lang='lat' dir='ltr'>aad</span> <span class='ocrx_word' id='word_1_117' title='bbox 1734 1582 1794 1665; x_wconf 86' lang='lat' dir='ltr'>jam</span> <span class='ocrx_word' id='word_1_118' title='bbox 1816 1598 1876 1650; x_wconf 84' lang='lat' dir='ltr'>tam</span> <span class='ocrx_word' id='word_1_119' title='bbox 1896 1594 1956 1668; x_wconf 83' lang='lat' dir='ltr'>rati,</span> 
     </span>
     <span class='ocr_line' id='line_1_12' title="bbox 450 1676 1958 1770; baseline 0.003 -20"><span class='ocrx_word' id='word_1_120' title='bbox 450 1686 576 1754; x_wconf 79' lang='lat' dir='ltr'>inerint</span> <span class='ocrx_word' id='word_1_121' title='bbox 599 1683 759 1747; x_wconf 81' lang='lat' dir='ltr'>ininsula</span> <span class='ocrx_word' id='word_1_122' title='bbox 781 1682 910 1766; x_wconf 85' lang='lat' dir='ltr'>Cypro,</span> <span class='ocrx_word' id='word_1_123' title='bbox 938 1677 1061 1763; x_wconf 82' lang='lat' dir='ltr'>putarit</span> <span class='ocrx_word' id='word_1_124' title='bbox 1087 1676 1196 1742; x_wconf 89' lang='lat' dir='ltr'>Pelle·</span> <span class='ocrx_word' id='word_1_125' title='bbox 1254 1701 1336 1765; x_wconf 89' lang='lat' dir='ltr'>quoa</span> <span class='ocrx_word' id='word_1_126' title='bbox 1356 1680 1433 1748; x_wconf 77' lang='lat' dir='ltr'>vide</span> <span class='ocrx_word' id='word_1_127' title='bbox 1454 1680 1487 1744; x_wconf 88' lang='lat' dir='ltr'>in</span> <span class='ocrx_word' id='word_1_128' title='bbox 1502 1683 1706 1762; x_wconf 86' lang='lat' dir='ltr'>Pellerinio,</span> <span class='ocrx_word' id='word_1_129' title='bbox 1725 1686 1888 1770; x_wconf 84' lang='lat' dir='ltr'>Theopoli,</span> <span class='ocrx_word' id='word_1_130' title='bbox 1902 1694 1958 1756; x_wconf 80' lang='lat' dir='ltr'>hri·</span> 
     </span>
     <span class='ocr_line' id='line_1_13' title="bbox 449 1777 1958 1870; baseline 0.003 -20"><span class='ocrx_word' id='word_1_131' title='bbox 449 1788 574 1866; x_wconf 86' lang='lat' dir='ltr'>rinina,</span> <span class='ocrx_word' id='word_1_132' title='bbox 603 1805 670 1850; x_wconf 88' lang='lat' dir='ltr'>non</span> <span class='ocrx_word' id='word_1_133' title='bbox 690 1785 724 1846; x_wconf 92' lang='lat' dir='ltr'>in</span> <span class='ocrx_word' id='word_1_134' title='bbox 745 1783 825 1847; x_wconf 83' lang='lat' dir='ltr'>eolis</span> <span class='ocrx_word' id='word_1_135' title='bbox 844 1783 957 1866; x_wconf 81' lang='lat' dir='ltr'><strong>Syriae</strong></span> <span class='ocrx_word' id='word_1_136' title='bbox 979 1777 1115 1843; x_wconf 86' lang='lat' dir='ltr'>arhihua</span> <span class='ocrx_word' id='word_1_137' title='bbox 1138 1800 1197 1842; x_wconf 83' lang='lat' dir='ltr'>aa·</span> <span class='ocrx_word' id='word_1_138' title='bbox 1254 1781 1364 1866; x_wconf 80' lang='lat' dir='ltr'>gonio.</span> <span class='ocrx_word' id='word_1_139' title='bbox 1397 1783 1579 1867; x_wconf 86' lang='lat' dir='ltr'>Perperam</span> <span class='ocrx_word' id='word_1_140' title='bbox 1604 1785 1710 1870; x_wconf 83' lang='lat' dir='ltr'>igitar</span> <span class='ocrx_word' id='word_1_141' title='bbox 1728 1787 1899 1855; x_wconf 84' lang='lat' dir='ltr'>Vaiilantiat</span> <span class='ocrx_word' id='word_1_142' title='bbox 1919 1815 1958 1857; x_wconf 85' lang='lat' dir='ltr'>aa·</span> 
     </span>
     <span class='ocr_line' id='line_1_14' title="bbox 450 1869 1959 1974; baseline 0.003 -22"><span class='ocrx_word' id='word_1_143' title='bbox 450 1910 523 1952; x_wconf 85' lang='lat' dir='ltr'>moa</span> <span class='ocrx_word' id='word_1_144' title='bbox 541 1890 659 1952; x_wconf 84' lang='lat' dir='ltr'>litteris</span> <span class='ocrx_word' id='word_1_145' title='bbox 679 1889 713 1954; x_wconf 85' lang='lat' dir='ltr'>S.</span> <span class='ocrx_word' id='word_1_146' title='bbox 730 1887 767 1952; x_wconf 84' lang='lat' dir='ltr'>C.</span> <span class='ocrx_word' id='word_1_147' title='bbox 784 1886 928 1968; x_wconf 81' lang='lat' dir='ltr'>insignes</span> <span class='ocrx_word' id='word_1_148' title='bbox 944 1881 1046 1946; x_wconf 81' lang='lat' dir='ltr'>inisse</span> <span class='ocrx_word' id='word_1_149' title='bbox 1064 1901 1197 1964; x_wconf 82' lang='lat' dir='ltr'>perona·</span> <span class='ocrx_word' id='word_1_150' title='bbox 1252 1905 1334 1948; x_wconf 79' lang='lat' dir='ltr'>neos</span> <span class='ocrx_word' id='word_1_151' title='bbox 1356 1884 1530 1968; x_wconf 80' lang='lat' dir='ltr'>interiptos</span> <span class='ocrx_word' id='word_1_152' title='bbox 1553 1887 1589 1953; x_wconf 87' lang='lat' dir='ltr'>S.</span> <span class='ocrx_word' id='word_1_153' title='bbox 1607 1889 1646 1953; x_wconf 82' lang='lat' dir='ltr'>C.</span> <span class='ocrx_word' id='word_1_154' title='bbox 1664 1889 1774 1973; x_wconf 85' lang='lat' dir='ltr'>capitia</span> <span class='ocrx_word' id='word_1_155' title='bbox 1795 1869 1959 1974; x_wconf 81' lang='lat' dir='ltr'>praeoeder-</span> 
     </span>
     <span class='ocr_line' id='line_1_15' title="bbox 450 1983 1959 2069; baseline 0.003 -13"><span class='ocrx_word' id='word_1_156' title='bbox 450 2013 526 2065; x_wconf 86' lang='lat' dir='ltr'>aoa‚</span> <span class='ocrx_word' id='word_1_157' title='bbox 557 1989 616 2053; x_wconf 85' lang='lat' dir='ltr'>sed</span> <span class='ocrx_word' id='word_1_158' title='bbox 637 2005 672 2054; x_wconf 90' lang='lat' dir='ltr'>et</span> <span class='ocrx_word' id='word_1_159' title='bbox 696 1989 731 2051; x_wconf 88' lang='lat' dir='ltr'>in</span> <span class='ocrx_word' id='word_1_160' title='bbox 758 1989 867 2069; x_wconf 87' lang='lat' dir='ltr'>Cypro</span> <span class='ocrx_word' id='word_1_161' title='bbox 887 1983 932 2066; x_wconf 77' lang='lat' dir='ltr'>h).</span> <span class='ocrx_word' id='word_1_162' title='bbox 977 1984 1019 2046; x_wconf 78' lang='lat' dir='ltr'>At</span> <span class='ocrx_word' id='word_1_163' title='bbox 1042 1983 1129 2046; x_wconf 84' lang='lat' dir='ltr'>enim</span> <span class='ocrx_word' id='word_1_164' title='bbox 1150 1983 1198 2046; x_wconf 82' lang='lat' dir='ltr'>ia·</span> <span class='ocrx_word' id='word_1_165' title='bbox 1252 1986 1294 2049; x_wconf 82' lang='lat' dir='ltr'>tis</span> <span class='ocrx_word' id='word_1_166' title='bbox 1318 1986 1383 2069; x_wconf 84' lang='lat' dir='ltr'>jam</span> <span class='ocrx_word' id='word_1_167' title='bbox 1405 1986 1481 2051; x_wconf 80' lang='lat' dir='ltr'>inda</span> <span class='ocrx_word' id='word_1_168' title='bbox 1505 1987 1548 2052; x_wconf 91' lang='lat' dir='ltr'>ob</span> <span class='ocrx_word' id='word_1_169' title='bbox 1571 1987 1726 2068; x_wconf 78' lang='lat' dir='ltr'>Othone,</span> <span class='ocrx_word' id='word_1_170' title='bbox 1756 1991 1865 2056; x_wconf 86' lang='lat' dir='ltr'>deindo</span> <span class='ocrx_word' id='word_1_171' title='bbox 1884 2009 1959 2060; x_wconf 83' lang='lat' dir='ltr'>tetra·</span> 
     </span>
     <span class='ocr_line' id='line_1_16' title="bbox 451 2084 1959 2178; baseline 0.002 -20"><span class='ocrx_word' id='word_1_172' title='bbox 451 2093 517 2164; x_wconf 81' lang='lat' dir='ltr'>ailo</span> <span class='ocrx_word' id='word_1_173' title='bbox 540 2113 585 2155; x_wconf 86' lang='lat' dir='ltr'>ex</span> <span class='ocrx_word' id='word_1_174' title='bbox 605 2092 699 2175; x_wconf 82' lang='lat' dir='ltr'>Syria</span> <span class='ocrx_word' id='word_1_175' title='bbox 725 2092 760 2153; x_wconf 92' lang='lat' dir='ltr'>in</span> <span class='ocrx_word' id='word_1_176' title='bbox 780 2088 919 2154; x_wconf 75' lang='lat' dir='ltr'>vicinam</span> <span class='ocrx_word' id='word_1_177' title='bbox 936 2087 1078 2168; x_wconf 79' lang='lat' dir='ltr'>Cyprum</span> <span class='ocrx_word' id='word_1_178' title='bbox 1099 2084 1196 2167; x_wconf 83' lang='lat' dir='ltr'>hujus</span> <span class='ocrx_word' id='word_1_179' title='bbox 1253 2087 1408 2152; x_wconf 78' lang='lat' dir='ltr'><strong>drachma</strong></span> <span class='ocrx_word' id='word_1_180' title='bbox 1428 2090 1542 2172; x_wconf 85' lang='lat' dir='ltr'>capitis</span> <span class='ocrx_word' id='word_1_181' title='bbox 1561 2093 1602 2156; x_wconf 88' lang='lat'>11.</span> <span class='ocrx_word' id='word_1_182' title='bbox 1624 2091 1704 2154; x_wconf 89' lang='lat' dir='ltr'>inde</span> <span class='ocrx_word' id='word_1_183' title='bbox 1726 2115 1745 2155; x_wconf 89' lang='lat' dir='ltr'>a</span> <span class='ocrx_word' id='word_1_184' title='bbox 1768 2093 1903 2178; x_wconf 85' lang='lat' dir='ltr'>Phiiippo</span> <span class='ocrx_word' id='word_1_185' title='bbox 1923 2117 1959 2160; x_wconf 83' lang='lat' dir='ltr'>se·</span> 
     </span>
     <span class='ocr_line' id='line_1_17' title="bbox 450 2185 1959 2278; baseline -0.001 -19"><span class='ocrx_word' id='word_1_186' title='bbox 450 2185 1959 2278; x_wconf 52' lang='lat' dir='ltr'>awmmuwmmwmmmmmw·nmnmwmhwmfflwmmffit</span> 
     </span>
     <span class='ocr_line' id='line_1_18' title="bbox 451 2293 1959 2362; baseline 0.002 -3"><span class='ocrx_word' id='word_1_187' title='bbox 451 2309 586 2362; x_wconf 83' lang='lat' dir='ltr'>toarnnt</span> <span class='ocrx_word' id='word_1_188' title='bbox 607 2296 841 2359; x_wconf 85' lang='lat' dir='ltr'>transmittere.</span> <span class='ocrx_word' id='word_1_189' title='bbox 1252 2311 1327 2356; x_wconf 83' lang='lat' dir='ltr'>oum</span> <span class='ocrx_word' id='word_1_190' title='bbox 1356 2293 1505 2358; x_wconf 84' lang='lat' dir='ltr'>coloniae</span> <span class='ocrx_word' id='word_1_191' title='bbox 1534 2295 1617 2358; x_wconf 87' lang='lat' dir='ltr'>nihil</span> <span class='ocrx_word' id='word_1_192' title='bbox 1648 2293 1797 2362; x_wconf 81' lang='lat' dir='ltr'>offerant.</span> <span class='ocrx_word' id='word_1_193' title='bbox 1842 2300 1874 2360; x_wconf 88' lang='lat' dir='ltr'>ln</span> <span class='ocrx_word' id='word_1_194' title='bbox 1897 2299 1959 2362; x_wconf 84' lang='lat' dir='ltr'>hano</span> 
     </span>
     <span class='ocr_line' id='line_1_19' title="bbox 515 2394 1960 2476; baseline 0.001 -16"><span class='ocrx_word' id='word_1_195' title='bbox 515 2401 569 2463; x_wconf 87' lang='lat' dir='ltr'>De</span> <span class='ocrx_word' id='word_1_196' title='bbox 599 2419 697 2462; x_wconf 82' lang='lat' dir='ltr'>senso</span> <span class='ocrx_word' id='word_1_197' title='bbox 727 2397 909 2460; x_wconf 84' lang='lat' dir='ltr'>litterarum</span> <span class='ocrx_word' id='word_1_198' title='bbox 937 2394 973 2458; x_wconf 85' lang='lat' dir='ltr'>S.</span> <span class='ocrx_word' id='word_1_199' title='bbox 989 2395 1027 2476; x_wconf 79' lang='lat' dir='ltr'>C,</span> <span class='ocrx_word' id='word_1_200' title='bbox 1056 2406 1089 2456; x_wconf 85' lang='lat' dir='ltr'>et</span> <span class='ocrx_word' id='word_1_201' title='bbox 1116 2403 1193 2476; x_wconf 86' lang='lat' dir='ltr'>typo</span> <span class='ocrx_word' id='word_1_202' title='bbox 1252 2395 1348 2457; x_wconf 82' lang='lat' dir='ltr'>etiam</span> <span class='ocrx_word' id='word_1_203' title='bbox 1369 2395 1507 2459; x_wconf 74' lang='lat' dir='ltr'>alasiam</span> <span class='ocrx_word' id='word_1_204' title='bbox 1525 2397 1657 2462; x_wconf 67' lang='lat' dir='ltr'>vocant</span> <span class='ocrx_word' id='word_1_205' title='bbox 1675 2398 1960 2470; x_wconf 76' lang='lat' dir='ltr'>namaniasiornn</span> 
     </span>
     <span class='ocr_line' id='line_1_20' title="bbox 450 2495 1595 2585; baseline -0.007 -17"><span class='ocrx_word' id='word_1_206' title='bbox 450 2502 579 2585; x_wconf 76' lang='lat' dir='ltr'>aquilae</span> <span class='ocrx_word' id='word_1_207' title='bbox 600 2513 708 2564; x_wconf 82' lang='lat' dir='ltr'>aotam</span> <span class='ocrx_word' id='word_1_208' title='bbox 732 2497 837 2580; x_wconf 87' lang='lat' dir='ltr'>eapite</span> <span class='ocrx_word' id='word_1_209' title='bbox 859 2495 1090 2580; x_wconf 82' lang='lat' dir='ltr'>praecedente.</span> <span class='ocrx_word' id='word_1_210' title='bbox 1129 2495 1195 2556; x_wconf 89' lang='lat' dir='ltr'>No·</span> <span class='ocrx_word' id='word_1_211' title='bbox 1252 2495 1410 2580; x_wconf 75' lang='lat' dir='ltr'>capitibus</span> <span class='ocrx_word' id='word_1_212' title='bbox 1428 2498 1595 2583; x_wconf 80' lang='lat' dir='ltr'>insignes:</span> 
     </span>
     <span class='ocr_line' id='line_1_21' title="bbox 449 2593 1960 2680; baseline -0.009 -14"><span class='ocrx_word' id='word_1_213' title='bbox 449 2601 745 2666; x_wconf 78' lang='lat' dir='ltr'>tae-arithmetioaa</span> <span class='ocrx_word' id='word_1_214' title='bbox 771 2619 872 2662; x_wconf 84' lang='lat' dir='ltr'>annos</span> <span class='ocrx_word' id='word_1_215' title='bbox 894 2595 1024 2680; x_wconf 85' lang='lat' dir='ltr'>imperii</span> <span class='ocrx_word' id='word_1_216' title='bbox 1047 2593 1193 2658; x_wconf 84' lang='lat' dir='ltr'>indioara</span> <span class='ocrx_word' id='word_1_217' title='bbox 1214 2597 1218 2606; x_wconf 88' lang='lat'>&#39;</span> <span class='ocrx_word' id='word_1_218' title='bbox 1313 2598 1402 2659; x_wconf 76' lang='lat' dir='ltr'>tatt‘.</span> <span class='ocrx_word' id='word_1_219' title='bbox 1420 2600 1547 2668; x_wconf 72' lang='lat' dir='ltr'>vast.</span> <span class='ocrx_word' id='word_1_220' title='bbox 1562 2598 1668 2672; x_wconf 76' lang='lat' dir='ltr'>AVG.</span> <span class='ocrx_word' id='word_1_221' title='bbox 1683 2601 1723 2669; x_wconf 96' lang='grc' dir='ltr'>Ρ.</span> <span class='ocrx_word' id='word_1_222' title='bbox 1739 2603 1785 2671; x_wconf 75' lang='grc' dir='ltr'>Η.</span> <span class='ocrx_word' id='word_1_223' title='bbox 1803 2603 1842 2672; x_wconf 80' lang='grc' dir='ltr'>Ρ.</span> <span class='ocrx_word' id='word_1_224' title='bbox 1856 2603 1890 2668; x_wconf 88' lang='lat' dir='ltr'>P.</span> <span class='ocrx_word' id='word_1_225' title='bbox 1915 2605 1960 2667; x_wconf 85' lang='lat' dir='ltr'>Co.</span> 
     </span>
     <span class='ocr_line' id='line_1_22' title="bbox 448 2697 1716 2786; baseline 0.003 -21"><span class='ocrx_word' id='word_1_226' title='bbox 448 2723 517 2768; x_wconf 78' lang='lat' dir='ltr'>aon</span> <span class='ocrx_word' id='word_1_227' title='bbox 532 2715 685 2786; x_wconf 83' lang='lat' dir='ltr'>possunt,</span> <span class='ocrx_word' id='word_1_228' title='bbox 701 2721 775 2764; x_wconf 87' lang='lat' dir='ltr'>nam</span> <span class='ocrx_word' id='word_1_229' title='bbox 792 2713 842 2766; x_wconf 87' lang='lat' dir='ltr'>eat</span> <span class='ocrx_word' id='word_1_230' title='bbox 857 2697 890 2761; x_wconf 85' lang='lat' dir='ltr'>in</span> <span class='ocrx_word' id='word_1_231' title='bbox 907 2719 1019 2762; x_wconf 83' lang='lat' dir='ltr'>museo</span> <span class='ocrx_word' id='word_1_232' title='bbox 1032 2699 1192 2761; x_wconf 85' lang='lat' dir='ltr'>Caesareo</span> <span class='ocrx_word' id='word_1_233' title='bbox 1213 2715 1218 2726; x_wconf 71' lang='lat'><strong>⁴</strong></span> <span class='ocrx_word' id='word_1_234' title='bbox 1331 2713 1395 2784; x_wconf 81' lang='lat' dir='ltr'>pat</span> <span class='ocrx_word' id='word_1_235' title='bbox 1411 2705 1610 2784; x_wconf 79' lang='lat' dir='ltr'>Vespasiani</span> <span class='ocrx_word' id='word_1_236' title='bbox 1624 2704 1716 2769; x_wconf 83' lang='lat' dir='ltr'>laur.</span> 
     </span>
     <span class='ocr_line' id='line_1_23' title="bbox 448 2799 1961 2890; baseline 0.001 -23"><span class='ocrx_word' id='word_1_237' title='bbox 448 2823 569 2882; x_wconf 76' lang='lat' dir='ltr'>nonina</span> <span class='ocrx_word' id='word_1_238' title='bbox 585 2804 715 2866; x_wconf 76' lang='lat' dir='ltr'>Nervae</span> <span class='ocrx_word' id='word_1_239' title='bbox 732 2821 806 2865; x_wconf 88' lang='lat' dir='ltr'>enm</span> <span class='ocrx_word' id='word_1_240' title='bbox 823 2801 932 2864; x_wconf 87' lang='lat' dir='ltr'>littera</span> <span class='ocrx_word' id='word_1_241' title='bbox 945 2799 993 2880; x_wconf 89' lang='grc' dir='ltr'>Δ,</span> <span class='ocrx_word' id='word_1_242' title='bbox 1015 2801 1096 2864; x_wconf 84' lang='lat' dir='ltr'>alins</span> <span class='ocrx_word' id='word_1_243' title='bbox 1113 2801 1208 2862; x_wconf 65' lang='lat' dir='ltr'>&#39;Pra-⁸</span> <span class='ocrx_word' id='word_1_244' title='bbox 1314 2803 1354 2868; x_wconf 82' lang='grc' dir='ltr'>Τ.</span> <span class='ocrx_word' id='word_1_245' title='bbox 1376 2802 1498 2868; x_wconf 78' lang='lat' dir='ltr'>CAES.</span> <span class='ocrx_word' id='word_1_246' title='bbox 1521 2803 1610 2870; x_wconf 79' lang='lat' dir='ltr'>tatt&#39;.</span> <span class='ocrx_word' id='word_1_247' title='bbox 1634 2806 1708 2870; x_wconf 74' lang='grc' dir='ltr'>ΤΗ.</span> <span class='ocrx_word' id='word_1_248' title='bbox 1730 2805 1770 2870; x_wconf 90' lang='grc' dir='ltr'>Ρ.</span> <span class='ocrx_word' id='word_1_249' title='bbox 1797 2805 1892 2890; x_wconf 79' lang='lat' dir='ltr'>Copot</span> <span class='ocrx_word' id='word_1_250' title='bbox 1909 2805 1961 2868; x_wconf 83' lang='lat' dir='ltr'>Titi</span> 
     </span>
     <span class='ocr_line' id='line_1_24' title="bbox 448 2895 1421 2992; baseline 0 -25"><span class='ocrx_word' id='word_1_251' title='bbox 448 2906 516 2992; x_wconf 84' lang='lat' dir='ltr'>jani</span> <span class='ocrx_word' id='word_1_252' title='bbox 534 2895 608 2968; x_wconf 83' lang='lat' dir='ltr'>eam</span> <span class='ocrx_word' id='word_1_253' title='bbox 626 2904 737 2967; x_wconf 87' lang='lat' dir='ltr'>littera</span> <span class='ocrx_word' id='word_1_254' title='bbox 754 2900 797 2968; x_wconf 85' lang='lat' dir='ltr'>X.</span> <span class='ocrx_word' id='word_1_255' title='bbox 832 2903 915 2966; x_wconf 86' lang='lat' dir='ltr'>Sunt</span> <span class='ocrx_word' id='word_1_256' title='bbox 934 2923 1015 2986; x_wconf 82' lang='lat' dir='ltr'>ergo</span> <span class='ocrx_word' id='word_1_257' title='bbox 1029 2900 1117 2966; x_wconf 87' lang='lat' dir='ltr'>haud</span> <span class='ocrx_word' id='word_1_258' title='bbox 1136 2899 1193 2963; x_wconf 85' lang='lat' dir='ltr'>du·</span> <span class='ocrx_word' id='word_1_259' title='bbox 1332 2906 1421 2967; x_wconf 84' lang='lat' dir='ltr'>laur.</span> 
     </span>
     <span class='ocr_line' id='line_1_25' title="bbox 447 3003 1961 3089; baseline -0.001 -20"><span class='ocrx_word' id='word_1_260' title='bbox 447 3007 504 3070; x_wconf 80' lang='lat' dir='ltr'>hie</span> <span class='ocrx_word' id='word_1_261' title='bbox 541 3019 637 3068; x_wconf 88' lang='lat' dir='ltr'>notae</span> <span class='ocrx_word' id='word_1_262' title='bbox 672 3005 947 3082; x_wconf 76' lang='lat' dir='ltr'>monetariorum,</span> <span class='ocrx_word' id='word_1_263' title='bbox 977 3003 1090 3087; x_wconf 84' lang='lat' dir='ltr'>quales</span> <span class='ocrx_word' id='word_1_264' title='bbox 1125 3021 1192 3064; x_wconf 88' lang='lat' dir='ltr'>non</span> <span class='ocrx_word' id='word_1_265' title='bbox 1312 3005 1494 3072; x_wconf 78' lang='lat' dir='ltr'><strong>CAESAR.</strong></span> <span class='ocrx_word' id='word_1_266' title='bbox 1517 3005 1678 3074; x_wconf 69' lang='lat' dir='ltr'>noma.</span> <span class='ocrx_word' id='word_1_267' title='bbox 1704 3006 1849 3074; x_wconf 69' lang='lat' dir='ltr'>(208.ss</span> <span class='ocrx_word' id='word_1_268' title='bbox 1878 3007 1961 3089; x_wconf 74' lang='lat' dir='ltr'>Caput</span> 
     </span>
     <span class='ocr_line' id='line_1_26' title="bbox 447 3101 1638 3200; baseline 0.001 -29"><span class='ocrx_word' id='word_1_269' title='bbox 447 3108 545 3192; x_wconf 86' lang='lat' dir='ltr'>pauci</span> <span class='ocrx_word' id='word_1_270' title='bbox 574 3108 644 3192; x_wconf 87' lang='lat' dir='ltr'>ejus</span> <span class='ocrx_word' id='word_1_271' title='bbox 675 3109 789 3200; x_wconf 82' lang='lat' dir='ltr'>aetatis</span> <span class='ocrx_word' id='word_1_272' title='bbox 816 3108 930 3192; x_wconf 80' lang='lat' dir='ltr'>Syriae</span> <span class='ocrx_word' id='word_1_273' title='bbox 951 3105 1081 3174; x_wconf 80' lang='lat' dir='ltr'>urbium</span> <span class='ocrx_word' id='word_1_274' title='bbox 1102 3101 1193 3170; x_wconf 82' lang='lat' dir='ltr'>numi</span> <span class='ocrx_word' id='word_1_275' title='bbox 1334 3111 1529 3172; x_wconf 83' lang='lat' dir='ltr'>Domitiani</span> <span class='ocrx_word' id='word_1_276' title='bbox 1546 3111 1638 3196; x_wconf 72' lang='lat' dir='ltr'>inor.</span> 
     </span>
     <span class='ocr_line' id='line_1_27' title="bbox 448 3209 1961 3294; baseline -0.008 -18"><span class='ocrx_word' id='word_1_277' title='bbox 448 3212 625 3294; x_wconf 80' lang='lat' dir='ltr'>impressae</span> <span class='ocrx_word' id='word_1_278' title='bbox 641 3210 774 3275; x_wconf 84' lang='lat' dir='ltr'>hahent.</span> <span class='ocrx_word' id='word_1_279' title='bbox 936 3277 942 3286; x_wconf 69' lang='grc'>,</span> <span class='ocrx_word' id='word_1_280' title='bbox 1249 3209 1506 3275; x_wconf 69' lang='lat' dir='ltr'>annocum.</span> <span class='ocrx_word' id='word_1_281' title='bbox 1531 3212 1640 3292; x_wconf 81' lang='lat' dir='ltr'>Caput</span> <span class='ocrx_word' id='word_1_282' title='bbox 1653 3211 1813 3274; x_wconf 80' lang='lat' dir='ltr'>muliebre</span> <span class='ocrx_word' id='word_1_283' title='bbox 1823 3211 1961 3274; x_wconf 78' lang='lat' dir='ltr'>turritan.</span> 
     </span>
     <span class='ocr_line' id='line_1_28' title="bbox 1332 3311 1830 3395; baseline -0.006 -21"><span class='ocrx_word' id='word_1_284' title='bbox 1332 3313 1404 3377; x_wconf 79' lang='grc' dir='ltr'>ΔΕ.</span> <span class='ocrx_word' id='word_1_285' title='bbox 1413 3315 1468 3374; x_wconf 92' lang='lat'><em>111.</em></span> <span class='ocrx_word' id='word_1_286' title='bbox 1484 3313 1584 3395; x_wconf 74' lang='lat' dir='ltr'>(Mur.</span> <span class='ocrx_word' id='word_1_287' title='bbox 1604 3313 1700 3375; x_wconf 81' lang='lat' dir='ltr'>Caes·</span> <span class='ocrx_word' id='word_1_288' title='bbox 1721 3311 1830 3392; x_wconf 69' lang='lat' dir='ltr'>tritt.)</span> 
     </span>
     <span class='ocr_line' id='line_1_29' title="bbox 1311 3407 1965 3498; baseline -0.012 -22"><span class='ocrx_word' id='word_1_289' title='bbox 1311 3415 1382 3478; x_wconf 83' lang='lat' dir='ltr'>Hos</span> <span class='ocrx_word' id='word_1_290' title='bbox 1401 3435 1515 3479; x_wconf 81' lang='lat' dir='ltr'>omnes</span> <span class='ocrx_word' id='word_1_291' title='bbox 1535 3417 1721 3498; x_wconf 86' lang='lat' dir='ltr'>imperante</span> <span class='ocrx_word' id='word_1_292' title='bbox 1739 3411 1920 3495; x_wconf 76' lang='lat' dir='ltr'>Vespasiano</span> <span class='ocrx_word' id='word_1_293' title='bbox 1935 3407 1965 3470; x_wconf 82' lang='lat' dir='ltr'>ri·</span> 
     </span>
     <span class='ocr_line' id='line_1_30' title="bbox 1023 3509 1964 3608; baseline -0.005 -31"><span class='ocrx_word' id='word_1_294' title='bbox 1023 3583 1033 3594; x_wconf 58' lang='grc'><strong>,</strong></span> <span class='ocrx_word' id='word_1_295' title='bbox 1250 3529 1365 3599; x_wconf 78' lang='lat' dir='ltr'>gnatoa</span> <span class='ocrx_word' id='word_1_296' title='bbox 1382 3519 1524 3608; x_wconf 79' lang='lat' dir='ltr'>oapitam</span> <span class='ocrx_word' id='word_1_297' title='bbox 1542 3517 1727 3601; x_wconf 80' lang='lat' dir='ltr'>epigraphe</span> <span class='ocrx_word' id='word_1_298' title='bbox 1745 3515 1848 3578; x_wconf 87' lang='lat' dir='ltr'>dooet.</span> <span class='ocrx_word' id='word_1_299' title='bbox 1875 3509 1964 3574; x_wconf 79' lang='lat' dir='ltr'>Facile</span> 
     </span>
     <span class='ocr_line' id='line_1_31' title="bbox 525 3610 1966 3701; baseline -0.003 -22"><span class='ocrx_word' id='word_1_300' title='bbox 525 3639 579 3700; x_wconf 68' lang='lat' dir='ltr'>D,</span> <span class='ocrx_word' id='word_1_301' title='bbox 598 3639 709 3701; x_wconf 81' lang='lat'>„„„„·,</span> <span class='ocrx_word' id='word_1_302' title='bbox 731 3635 938 3700; x_wconf 82' lang='lat' dir='ltr'>Antiochiae</span> <span class='ocrx_word' id='word_1_303' title='bbox 958 3635 1120 3699; x_wconf 58' lang='lat' dir='ltr'>omnia„</span> <span class='ocrx_word' id='word_1_304' title='bbox 1249 3617 1385 3698; x_wconf 84' lang='lat' dir='ltr'>dedero,</span> <span class='ocrx_word' id='word_1_305' title='bbox 1395 3639 1468 3683; x_wconf 85' lang='lat' dir='ltr'>ease</span> <span class='ocrx_word' id='word_1_306' title='bbox 1478 3610 1966 3697; x_wconf 67' lang='lat' dir='ltr'>eosnostraeanrtoehiaaqnot,</span> 
     </span>
     <span class='ocr_line' id='line_1_32' title="bbox 602 3718 1966 3814; baseline -0.008 -30"><span class='ocrx_word' id='word_1_307' title='bbox 602 3801 618 3814; x_wconf 30' lang='grc' dir='ltr'><strong>Ἴ</strong></span> <span class='ocrx_word' id='word_1_308' title='bbox 1251 3721 1304 3784; x_wconf 86' lang='lat' dir='ltr'>oui</span> <span class='ocrx_word' id='word_1_309' title='bbox 1325 3721 1421 3784; x_wconf 90' lang='lat' dir='ltr'>alteri</span> <span class='ocrx_word' id='word_1_310' title='bbox 1440 3721 1656 3806; x_wconf 77' lang='lat' dir='ltr'>opportunius</span> <span class='ocrx_word' id='word_1_311' title='bbox 1674 3721 1747 3784; x_wconf 88' lang='lat' dir='ltr'>dari</span> <span class='ocrx_word' id='word_1_312' title='bbox 1764 3718 1898 3804; x_wconf 73' lang='lat' dir='ltr'>possint,</span> <span class='ocrx_word' id='word_1_313' title='bbox 1914 3733 1966 3774; x_wconf 89' lang='lat' dir='ltr'>non</span> 
     </span>
     <span class='ocr_line' id='line_1_33' title="bbox 516 3816 1968 3908; baseline -0.004 -24"><span class='ocrx_word' id='word_1_314' title='bbox 516 3826 619 3886; x_wconf 77' lang='lat' dir='ltr'>Teate</span> <span class='ocrx_word' id='word_1_315' title='bbox 639 3821 742 3886; x_wconf 82' lang='lat' dir='ltr'>Panlo</span> <span class='ocrx_word' id='word_1_316' title='bbox 764 3819 995 3906; x_wconf 82' lang='lat' dir='ltr'>jurisconsulto</span> <span class='ocrx_word' id='word_1_317' title='bbox 1011 3821 1063 3902; x_wconf 77' lang='lat'>⁰)=</span> <span class='ocrx_word' id='word_1_318' title='bbox 1083 3820 1195 3882; x_wconf 75' lang='lat' dir='ltr'>Divos</span> <span class='ocrx_word' id='word_1_319' title='bbox 1250 3821 1388 3886; x_wconf 76' lang='lat' dir='ltr'>rideam.</span> <span class='ocrx_word' id='word_1_320' title='bbox 1411 3824 1589 3908; x_wconf 75' lang='lat' dir='ltr'>Inscriptos</span> <span class='ocrx_word' id='word_1_321' title='bbox 1606 3823 1764 3907; x_wconf 74' lang='lat' dir='ltr'>utrinqne</span> <span class='ocrx_word' id='word_1_322' title='bbox 1779 3822 1887 3884; x_wconf 81' lang='lat' dir='ltr'>Latine</span> <span class='ocrx_word' id='word_1_323' title='bbox 1899 3816 1968 3881; x_wconf 70' lang='lat' dir='ltr'>vait-</span> 
     </span>
     <span class='ocr_line' id='line_1_34' title="bbox 454 3913 1970 4010; baseline -0.008 -21"><span class='ocrx_word' id='word_1_324' title='bbox 454 3926 653 3989; x_wconf 78' lang='lat' dir='ltr'>Antoninus</span> <span class='ocrx_word' id='word_1_325' title='bbox 672 3925 921 3987; x_wconf 74' lang='lat' dir='ltr'>Antiochenses</span> <span class='ocrx_word' id='word_1_326' title='bbox 950 3923 1084 3984; x_wconf 85' lang='lat' dir='ltr'>oolonos</span> <span class='ocrx_word' id='word_1_327' title='bbox 1104 3923 1195 4006; x_wconf 78' lang='lat' dir='ltr'>feeit</span> <span class='ocrx_word' id='word_1_328' title='bbox 1250 3922 1368 3986; x_wconf 77' lang='lat' dir='ltr'>lantino</span> <span class='ocrx_word' id='word_1_329' title='bbox 1397 3925 1441 3988; x_wconf 87' lang='lat' dir='ltr'>ait</span> <span class='ocrx_word' id='word_1_330' title='bbox 1466 3940 1669 4010; x_wconf 82' lang='lat' dir='ltr'>propterea,</span> <span class='ocrx_word' id='word_1_331' title='bbox 1700 3923 1788 4010; x_wconf 84' lang='lat' dir='ltr'>qaod</span> <span class='ocrx_word' id='word_1_332' title='bbox 1813 3922 1880 4007; x_wconf 82' lang='lat' dir='ltr'>jare</span> <span class='ocrx_word' id='word_1_333' title='bbox 1902 3913 1970 3980; x_wconf 82' lang='lat' dir='ltr'>hatii</span> 
     </span>
     <span class='ocr_line' id='line_1_35' title="bbox 450 4021 1969 4120; baseline -0.007 -31"><span class='ocrx_word' id='word_1_334' title='bbox 450 4027 556 4089; x_wconf 82' lang='lat' dir='ltr'>salvis</span> <span class='ocrx_word' id='word_1_335' title='bbox 575 4025 721 4088; x_wconf 79' lang='lat' dir='ltr'>tributis.</span> <span class='ocrx_word' id='word_1_336' title='bbox 759 4023 837 4120; x_wconf 83' lang='lat' dir='ltr'>Quo</span> <span class='ocrx_word' id='word_1_337' title='bbox 855 4023 988 4088; x_wconf 87' lang='lat' dir='ltr'>nomino</span> <span class='ocrx_word' id='word_1_338' title='bbox 1010 4021 1195 4105; x_wconf 79' lang='lat' dir='ltr'>intelligen-</span> <span class='ocrx_word' id='word_1_339' title='bbox 1252 4025 1361 4108; x_wconf 81' lang='lat' dir='ltr'>garira</span> <span class='ocrx_word' id='word_1_340' title='bbox 1374 4039 1425 4089; x_wconf 83' lang='lat' dir='ltr'>eat</span> <span class='ocrx_word' id='word_1_341' title='bbox 1439 4025 1486 4108; x_wconf 72' lang='lat' dir='ltr'>f),</span> <span class='ocrx_word' id='word_1_342' title='bbox 1509 4027 1569 4094; x_wconf 87' lang='lat' dir='ltr'>sed</span> <span class='ocrx_word' id='word_1_343' title='bbox 1586 4027 1677 4114; x_wconf 83' lang='lat' dir='ltr'>qnod</span> <span class='ocrx_word' id='word_1_344' title='bbox 1698 4041 1736 4090; x_wconf 87' lang='lat' dir='ltr'>ut</span> <span class='ocrx_word' id='word_1_345' title='bbox 1757 4021 1969 4109; x_wconf 83' lang='lat' dir='ltr'>comprobaret,</span> 
     </span>
     <span class='ocr_line' id='line_1_36' title="bbox 454 4117 1973 4210; baseline -0.007 -22"><span class='ocrx_word' id='word_1_346' title='bbox 454 4125 709 4188; x_wconf 75' lang='lat' dir='ltr'>dueAntoninna</span> <span class='ocrx_word' id='word_1_347' title='bbox 721 4126 999 4202; x_wconf 80' lang='lat' dir='ltr'>Caracalla,non,</span> <span class='ocrx_word' id='word_1_348' title='bbox 1017 4123 1196 4208; x_wconf 82' lang='lat' dir='ltr'>qoodnon·</span> <span class='ocrx_word' id='word_1_349' title='bbox 1252 4147 1368 4210; x_wconf 86' lang='lat' dir='ltr'>param</span> <span class='ocrx_word' id='word_1_350' title='bbox 1389 4127 1609 4194; x_wconf 81' lang='lat' dir='ltr'>video&#39;faiaae</span> <span class='ocrx_word' id='word_1_351' title='bbox 1631 4127 1810 4192; x_wconf 81' lang='lat' dir='ltr'>solicitam.</span> <span class='ocrx_word' id='word_1_352' title='bbox 1856 4125 1888 4188; x_wconf 89' lang='lat' dir='ltr'>Si</span> <span class='ocrx_word' id='word_1_353' title='bbox 1905 4117 1973 4184; x_wconf 76' lang='lat' dir='ltr'>Latii</span> 
     </span>
     <span class='ocr_line' id='line_1_37' title="bbox 367 4221 1973 4314; baseline 0.002 -26"><span class='ocrx_word' id='word_1_354' title='bbox 367 4279 371 4288; x_wconf 92' lang='lat'>.</span> <span class='ocrx_word' id='word_1_355' title='bbox 452 4226 537 4290; x_wconf 77' lang='lat' dir='ltr'>nulli</span> <span class='ocrx_word' id='word_1_356' title='bbox 570 4225 769 4304; x_wconf 78' lang='lat' dir='ltr'>credidere,</span> <span class='ocrx_word' id='word_1_357' title='bbox 795 4227 955 4290; x_wconf 78' lang='lat' dir='ltr'>Antoniae</span> <span class='ocrx_word' id='word_1_358' title='bbox 977 4226 1076 4301; x_wconf 85' lang='lat' dir='ltr'>Pina,</span> <span class='ocrx_word' id='word_1_359' title='bbox 1107 4222 1195 4308; x_wconf 85' lang='lat' dir='ltr'>qaod</span> <span class='ocrx_word' id='word_1_360' title='bbox 1252 4227 1325 4310; x_wconf 79' lang='lat' dir='ltr'>jaro</span> <span class='ocrx_word' id='word_1_361' title='bbox 1352 4228 1504 4295; x_wconf 80' lang='lat' dir='ltr'>donatam</span> <span class='ocrx_word' id='word_1_362' title='bbox 1527 4240 1710 4314; x_wconf 81' lang='lat' dir='ltr'>propterea</span> <span class='ocrx_word' id='word_1_363' title='bbox 1735 4227 1888 4301; x_wconf 83' lang='lat' dir='ltr'>eredidit,</span> <span class='ocrx_word' id='word_1_364' title='bbox 1914 4221 1973 4306; x_wconf 83' lang='lat' dir='ltr'>quis</span> 
     </span>
     <span class='ocr_line' id='line_1_38' title="bbox 454 4321 1975 4416; baseline -0.005 -21"><span class='ocrx_word' id='word_1_365' title='bbox 454 4327 665 4394; x_wconf 86' lang='lat' dir='ltr'>ooniirmatnr</span> <span class='ocrx_word' id='word_1_366' title='bbox 679 4349 708 4392; x_wconf 91' lang='lat' dir='ltr'>·a</span> <span class='ocrx_word' id='word_1_367' title='bbox 730 4329 835 4390; x_wconf 87' lang='lat' dir='ltr'>narnia</span> <span class='ocrx_word' id='word_1_368' title='bbox 860 4327 958 4410; x_wconf 73' lang='lat' dir='ltr'>ipris,</span> <span class='ocrx_word' id='word_1_369' title='bbox 988 4326 1043 4410; x_wconf 84' lang='lat' dir='ltr'>qai</span> <span class='ocrx_word' id='word_1_370' title='bbox 1066 4349 1083 4389; x_wconf 91' lang='lat' dir='ltr'>a</span> <span class='ocrx_word' id='word_1_371' title='bbox 1101 4327 1192 4389; x_wconf 87' lang='lat' dir='ltr'>Cara·</span> <span class='ocrx_word' id='word_1_372' title='bbox 1252 4331 1367 4392; x_wconf 85' lang='lat' dir='ltr'>Latina</span> <span class='ocrx_word' id='word_1_373' title='bbox 1384 4351 1442 4396; x_wconf 81' lang='lat' dir='ltr'>naa</span> <span class='ocrx_word' id='word_1_374' title='bbox 1465 4345 1516 4394; x_wconf 81' lang='lat' dir='ltr'>eat</span> <span class='ocrx_word' id='word_1_375' title='bbox 1534 4333 1741 4416; x_wconf 75' lang='lat' dir='ltr'>epigraphe,</span> <span class='ocrx_word' id='word_1_376' title='bbox 1762 4353 1823 4396; x_wconf 90' lang='lat' dir='ltr'>nae</span> <span class='ocrx_word' id='word_1_377' title='bbox 1842 4329 1895 4392; x_wconf 88' lang='lat' dir='ltr'>ille</span> <span class='ocrx_word' id='word_1_378' title='bbox 1910 4321 1975 4388; x_wconf 80' lang='lat' dir='ltr'>nni·</span> 
     </span>
     <span class='ocr_line' id='line_1_39' title="bbox 452 4427 1974 4516; baseline -0.001 -20"><span class='ocrx_word' id='word_1_379' title='bbox 452 4432 535 4496; x_wconf 79' lang='lat' dir='ltr'>anila</span> <span class='ocrx_word' id='word_1_380' title='bbox 548 4430 681 4495; x_wconf 85' lang='lat' dir='ltr'>demam</span> <span class='ocrx_word' id='word_1_381' title='bbox 697 4431 850 4492; x_wconf 84' lang='lat' dir='ltr'>coloniae</span> <span class='ocrx_word' id='word_1_382' title='bbox 865 4448 985 4491; x_wconf 84' lang='lat' dir='ltr'>nomen</span> <span class='ocrx_word' id='word_1_383' title='bbox 1004 4427 1126 4491; x_wconf 83' lang='lat' dir='ltr'>addere</span> <span class='ocrx_word' id='word_1_384' title='bbox 1143 4449 1196 4493; x_wconf 87' lang='lat' dir='ltr'>oo·</span> <span class='ocrx_word' id='word_1_385' title='bbox 1252 4444 1303 4493; x_wconf 84' lang='lat' dir='ltr'>tae</span> <span class='ocrx_word' id='word_1_386' title='bbox 1327 4431 1446 4512; x_wconf 77' lang='lat' dir='ltr'>urbes,</span> <span class='ocrx_word' id='word_1_387' title='bbox 1467 4455 1529 4498; x_wconf 85' lang='lat' dir='ltr'>eea</span> <span class='ocrx_word' id='word_1_388' title='bbox 1551 4435 1799 4512; x_wconf 80' lang='lat' dir='ltr'>Nicomediam,</span> <span class='ocrx_word' id='word_1_389' title='bbox 1820 4432 1974 4516; x_wconf 65' lang='lat' dir='ltr'>Epheson·</span> 
     </span>
    </p>
   </div>
   <div class='ocr_carea' id='block_1_3' title="bbox 658 3467 986 3537">
    <p class='ocr_par' dir='ltr' id='par_1_3' title="bbox 658 3467 986 3537">
     <span class='ocr_line' id='line_1_40' title="bbox 658 3467 986 3537; baseline 0.009 -8"><span class='ocrx_word' id='word_1_390' title='bbox 658 3467 886 3537; x_wconf 73' lang='lat' dir='ltr'><strong>CAPVT</strong></span> <span class='ocrx_word' id='word_1_391' title='bbox 929 3467 986 3536; x_wconf 76' lang='lat' dir='ltr'>tv.</span> 
     </span>
    </p>
   </div>
   <div class='ocr_carea' id='block_1_4' title="bbox 416 4637 1974 4827">
    <p class='ocr_par' dir='ltr' id='par_1_4' title="bbox 416 4637 1974 4827">
     <span class='ocr_line' id='line_1_41' title="bbox 416 4637 1974 4740; baseline 0.001 -34"><span class='ocrx_word' id='word_1_392' title='bbox 416 4703 426 4722; x_wconf 32' lang='grc' dir='ltr'>ι</span> <span class='ocrx_word' id='word_1_393' title='bbox 490 4653 521 4718; x_wconf 73' lang='lat' dir='ltr'>a)</span> <span class='ocrx_word' id='word_1_394' title='bbox 538 4652 739 4712; x_wconf 66' lang='lat' dir='ltr'>Numcolon.</span> <span class='ocrx_word' id='word_1_395' title='bbox 756 4653 787 4709; x_wconf 91' lang='lat' dir='ltr'>in</span> <span class='ocrx_word' id='word_1_396' title='bbox 805 4651 937 4710; x_wconf 86' lang='lat' dir='ltr'>Othone.</span> <span class='ocrx_word' id='word_1_397' title='bbox 1006 4637 1302 4740; x_wconf 80' lang='lat' dir='ltr'>b)Suppt.1v.p.1.</span> <span class='ocrx_word' id='word_1_398' title='bbox 1368 4661 1400 4730; x_wconf 86' lang='lat' dir='ltr'>e)</span> <span class='ocrx_word' id='word_1_399' title='bbox 1420 4659 1502 4718; x_wconf 83' lang='lat' dir='ltr'>L.11.</span> <span class='ocrx_word' id='word_1_400' title='bbox 1524 4660 1561 4716; x_wconf 90' lang='lat' dir='ltr'>de</span> <span class='ocrx_word' id='word_1_401' title='bbox 1576 4656 1690 4716; x_wconf 81' lang='lat' dir='ltr'>eensih.</span> <span class='ocrx_word' id='word_1_402' title='bbox 1767 4657 1801 4733; x_wconf 84' lang='lat' dir='ltr'>d)</span> <span class='ocrx_word' id='word_1_403' title='bbox 1820 4645 1974 4714; x_wconf 66' lang='lat' dir='ltr'>tenenti.</span> 
     </span>
     <span class='ocr_line' id='line_1_42' title="bbox 455 4742 1682 4827; baseline 0.003 -25"><span class='ocrx_word' id='word_1_404' title='bbox 455 4749 547 4819; x_wconf 69' lang='lat' dir='ltr'>pao.</span> <span class='ocrx_word' id='word_1_405' title='bbox 618 4747 648 4816; x_wconf 85' lang='lat' dir='ltr'>o)</span> <span class='ocrx_word' id='word_1_406' title='bbox 668 4743 787 4826; x_wconf 80' lang='lat' dir='ltr'>Lattara</span> <span class='ocrx_word' id='word_1_407' title='bbox 802 4743 887 4802; x_wconf 73' lang='lat' dir='ltr'>Toni.</span> <span class='ocrx_word' id='word_1_408' title='bbox 906 4742 941 4803; x_wconf 88' lang='lat' dir='ltr'>tt.</span> <span class='ocrx_word' id='word_1_409' title='bbox 960 4742 1083 4805; x_wconf 73' lang='lat' dir='ltr'>tahttt.</span> <span class='ocrx_word' id='word_1_410' title='bbox 1103 4764 1134 4802; x_wconf 84' lang='lat' dir='ltr'>n.</span> <span class='ocrx_word' id='word_1_411' title='bbox 1149 4747 1210 4811; x_wconf 57' lang='lat' dir='ltr'>dt:</span> <span class='ocrx_word' id='word_1_412' title='bbox 1268 4743 1302 4822; x_wconf 82' lang='lat' dir='ltr'>i)</span> <span class='ocrx_word' id='word_1_413' title='bbox 1321 4747 1542 4810; x_wconf 72' lang='lat' dir='ltr'>neolonsuh</span> <span class='ocrx_word' id='word_1_414' title='bbox 1557 4751 1682 4827; x_wconf 61' lang='lat' dir='ltr'>vespas.</span> 
     </span>
    </p>
   </div>
   <div class='ocr_carea' id='block_1_5' title="bbox 0 0 2089 5454">
    <p class='ocr_par' dir='ltr' id='par_1_5' title="bbox 0 0 2089 5454">
     <span class='ocr_line' id='line_1_43' title="bbox 0 0 2089 5454; baseline 0 0"><span class='ocrx_word' id='word_1_415' title='bbox 0 0 2089 5454; x_wconf 95' lang='lat' dir='ltr'> </span> 
     </span>
    </p>
   </div>
  </div>
 </body>
</html>
