4160 5454
390 571 461 640 ssu
841 547 1033 624 nuces
1063 516 1481 622 vcottus'territus

389 712 602 786 ΔΕΛΦΟΣ.
648 719 758 802 Caput
786 721 922 803 regs'nus
950 719 1130 782 redictum.
1188 725 1344 798 aertoque
1371 711 1497 799 praelio
1521 711 1599 777 dum
1619 713 1752 780 'fortiter
1767 729 1935 804 pugnent,

387 821 412 890 ἶ
440 816 813 886 ΚΟΜΜΑΓΗΝΩΝ.
860 819 1016 901 Scorpius
1039 823 1132 882 incra
1187 837 1255 881 nou
1284 815 1415 902 quidem
1446 815 1639 894 inferiores,
1676 837 1792 883 verum
1813 817 1935 908 ..adlato

386 926 546 988 laureum.
579 923 650 986 alt.
675 925 714 987 11.
751 921 887 1004 (Haym,
916 921 1002 984 Mus.
1020 919 1131 1000 Caes.)
1187 916 1345 1004 iucestra
1364 917 1503 996 nuncio,
1534 931 1660 1002 patrem
1681 939 1787 1004 reguo
1806 931 1933 998 sponte

387 1028 570 1110 Perparatu
587 1023 761 1108 ,ecguinus
787 1021 872 1108 legit
898 1013 1132 1084 ΦΙΛΑΔΕΛ-
1188 1015 1389 1096 excessisse,
1423 1017 1546 1084 deserti
1571 1043 1591 1083 s
1615 1019 1681 1082 suis
1703 1021 1782 1104 luga
1808 1034 1844 1083 et
1870 1022 1933 1104 ipsi

388 1121 502 1196 ψοτ,
805 1201 810 1210 .
1188 1120 1250 1183 sihi
1261 1121 1448 1187 consulunt.
1468 1121 1656 1205 Epipbsnos
1672 1122 1714 1186 etl
1727 1121 1932 1208 Vologesen

447 1231 578 1294 florum
603 1225 695 1312 prior
712 1221 929 1308 »comprobem
953 1221 1054 1288 luisse
1077 1227 1132 1288 lo·
1186 1221 1345 1285 Parthum
1363 1221 1508 1307 elapsus,
1525 1222 1652 1301 audito,
1669 1235 1797 1307 patrem
1814 1225 1856 1288 ab
1874 1227 1931 1290 im-

385 1345 485 1414 sapen
507 1349 646 1394 uxorem
669 1326 827 1390 Antiochi
849 1324 1028 1408 cujuspiam
1052 1324 1131 1390 dicti
1187 1337 1342 1412 peratore
1362 1325 1455 1407 regie
1472 1322 1605 1403 haberi,
1629 1327 1766 1390 Romam
1782 1327 1930 1412 prolicie-

386 1433 512 1516 Mcgut'
528 1443 563 1494 et
580 1429 780 1512 Epiphanis,
803 1447 888 1512 quse
907 1427 1008 1490 luisse
1022 1426 1132 1516 nomi·
1188 1427 1289 1501 citur,
1314 1423 1387 1508 ipso
1406 1424 1502 1488 etiam
1521 1439 1628 1509 patro,
1652 1427 1710 1512 qui
1724 1430 1854 1495 interea
1870 1433 1930 1495 La·

386 1554 429 1598 ns
450 1532 603 1598 Antiochi
624 1532 682 1600 lv.
713 1529 925 1614 Commageni
943 1547 1024 1592 mox
1049 1529 1132 1596 uidi·
1189 1527 1388 1592 cedsemoue
1405 1527 1559 1604 substitit,
1577 1529 1686 1612 paullo
1702 1545 1777 1613 post
1794 1551 1931 1616 sequeu-

384 1657 468 1702 sous.
499 1635 590 1698 Idem
614 1632 669 1696 hic
691 1633 871 1696 Antiochus
893 1631 1063 1716 colligitur
1088 1651 1131 1694 ex
1187 1644 1232 1694 te.
1253 1630 1547 1714 Haeoexlosepho
1563 1635 1604 1713 ο).
1623 1631 1933 1716 Reliquumutrius·

384 1737 543 1822 inscripto
565 1729 923 1810 ΣΕΒΑΣΤΗΝΩΝ,
951 1754 1024 1795 uum
1047 1731 1129 1794 huic
1186 1753 1250 1818 que
1267 1731 1564 1816 fatumignoratur.

384 1854 507 1906 tantum
524 1838 595 1902 data
612 1835 673 1898 suit
689 1857 764 1919 pars
784 1835 934 1912 Ciliciae,
952 1837 1010 1899 cui
1028 1834 1131 1916 couti·
1198 1879 1201 1886 .

385 1940 571 2026 gueinsule
589 1937 742 2015 Sebaste,
768 1951 802 2000 et
820 1937 988 2002 citavimus
1006 1935 1040 1996 iu
1058 1935 1129 2030 ejup
1199 1993 1203 2000 ,
1276 1987 1280 1996 ,

383 2055 515 2107 moneta
540 2060 674 2104 numum
702 2039 801 2102 alium
829 2037 976 2121 ejusdem
1003 2037 1128 2101 insulse
1196 2081 1201 2090 -
1247 2035 1499 2108 caetheum.
1515 2034 1627 2108 ΤΙΟῙ.
1653 2043 1927 2127 Dopteeeomuss

383 2143 516 2206 nomiae
530 2143 704 2226 insignem.
726 2143 850 2202 Numus
865 2139 949 2202 alter
962 2159 1024 2222 per
1038 2159 1129 2204 asec-
1185 2146 1300 2225 ccpt'ue
1315 2145 1542 2221 decussatum,
1563 2164 1702 2223 quorum
1718 2147 1864 2230 singulis
1878 2149 1930 2209 in·

386 2266 440 2310 sue
469 2258 504 2308 et
531 2244 777 2328 inscriptionem
803 2255 839 2306 et
860 2255 970 2326 typum
991 2242 1128 2325 Iotspeu
1183 2255 1309 2308 sertum
1324 2257 1428 2330 caput
1441 2247 1586 2330 puerile,
1611 2249 1773 2310 inssmcds'o
1792 2267 1929 2323 ancora,

382 2346 484 2408 luisse
514 2346 753 2430 Commagenes
782 2344 928 2428 reginam
958 2343 1126 2408 luculente
1183 2365 1321 2430 umerus
1338 2358 1476 2426 optram.
1500 2343 1529 2406 ἱί
1550 2341 1926 2414 ttoMMArttctnut.

382 2447 593 2512 demonstrat.
646 2433 772 2540 Quibus
800 2444 958 2510 omnihus
997 2447 1126 2510 collutis
1182 2450 1220 2511 s'u
1241 2447 1338 2510 ollis:
1367 2443 1692 2512 ΛΑΚΑΝΑΤΩΝ.
1731 2448 1834 2512 Rura
1857 2451 1927 2512 At·

381 2550 448 2613 cuit
469 2549 656 2630 conjectura
674 2547 825 2633 seguini,
850 2547 906 2631 qui
924 2547 1124 2630 propositam
1182 2551 1349 2625 meniuca,
1377 2551 1415 2612 in
1431 2550 1524 2628 cujus
1543 2551 1650 2612 medio
1667 2553 1835 2631 scorpius,
1862 2572 1930 2614 ons·

380 2653 414 2712 iu
435 2649 620 2734 posteriore
647 2650 711 2713 hoc
735 2670 835 2712 numo
857 2651 991 2732 lotspen
1011 2648 1125 2713 tribuit
1182 2653 1241 2713 niu
1256 2652 1347 2712 iutro
1363 2649 1523 2713 laureum.
1547 2651 1675 2716 AE.11.
1697 2649 1891 2734 (Pelleriu.)

380 2753 448 2828 illi,
474 2773 569 2838 quam
591 2751 779 2814 Alexandro
800 2749 920 2815 Iudaeo
942 2749 1043 2813 luisse
1067 2773 1125 2814 nu·
1204 2809 1207 2816 ,
1240 2744 1496 2818 tinemuthe.
1517 2745 1627 2817 Tlot.
1663 2757 1808 2835 Vterque
1824 2752 1930 2838 filius

379 2868 468 2938 ptam
495 2876 593 2938 supra
620 2853 777 2930 diximus,
808 2873 903 2937 quam
930 2852 1124 2916 senteutiam
1181 2855 1219 2915 ist
1236 2856 1330 2930 equis
1349 2867 1470 2935 pacate
1487 2856 1729 2937 gradientibus.
1757 2855 1931 2922 RROM-

380 2957 444 3040 jam
469 2955 625 3020 refutarit
648 2955 841 3023 Vaillsntius
865 2955 910 3036 ¹),
944 2967 979 3017 et
1003 2956 1125 3018 Masso·
1180 2949 1448 3022 ΜᾹΓΗΝΩΝ.
1488 2955 1523 3019 iu
1560 2955 1651 3020 aliis:
1708 2955 1931 3026 ΛΑΚΑΝΑ.

378 3077 450 3122 nus.
491 3055 738 3122 Adsertendum
768 3057 866 3121 etiam
894 3055 1038 3120 additum
1066 3075 1125 3118 no·
1182 3051 1302 3128 ΤΩΝ.
1344 3053 1583 3141 Capricornus,
1612 3081 1752 3141 superne
1782 3075 1929 3140 ostrum,

379 3179 456 3222 suen
475 3152 879 3236 «1)1ΛΑΔΕΛ(1ιοΣ,.οι
895 3177 960 3242 quo
978 3170 1123 3240 apparot,
1181 3160 1309 3238 infime
1335 3178 1477 3236 ancora,
1510 3163 1623 3224 cmm
1647 3164 1742 3225 intro
1764 3162 1927 3228 laureum.

379 3258 479 3322 luisse
501 3257 634 3342 Iotapen
657 3259 811 3323 Antiochi
834 3273 868 3323 et
884 3279 1054 3336 sororem,
1084 3273 1124 3322 ct
1180 3258 1250 3323 ΔΕ.
1266 3261 1307 3323 11.
1328 3260 1508 3342 (Pellerin,
1530 3263 1614 3325 llus.
1628 3262 1741 3345 Caes.)

379 3361 571 3446 conjugem,
600 3361 657 3446 qui
683 3381 754 3423 mos
784 3360 897 3426 obvius
919 3363 980 3424 fuit
1003 3363 1036 3424 iu
1059 3364 1123 3424 Ac·
1246 3361 1325 3426 Siue
1341 3363 1528 3444 epigraphe.
1552 3368 1698 3443 Vterque
1703 3367 1807 3452 filius
1820 3389 1929 3449 eques.

379 3465 470 3546 gypti
492 3475 525 3526 et
547 3464 661 3528 Cariae
682 3461 834 3548 regibus,
866 3462 972 3528 uerior
1001 3462 1035 3524 iu
1065 3463 1123 3546 Sy·
1179 3455 1928 3557 3Bu1AE02.nNT10xor.capur

379 3565 486 3628 siccis.
1179 3567 1310 3634 arietis.
1332 3565 1403 3630 ΑΕ.
1421 3567 1461 3630 ll.
1484 3567 1602 3649 (Pcuel
1620 3569 1653 3632 le
1670 3569 1781 3653 Bret.)

1484 1899 1631 1968 Numi:

1196 3666 1365 3736 Numus
1390 3667 1482 3752 prior
1502 3683 1676 3755 utrumque
1699 3669 1805 3736 filium
1821 3673 1925 3739 ⁴·inlan

395 3801 697 3869 EPIPHANES
723 3815 758 3867 et
777 3803 1099 3875 CALLINICVS
1178 3725 1245 3829 tem
1262 3771 1415 3851 proponit
1432 3783 1527 3854 capto
1544 3785 1620 3856 typo
1641 3794 1683 3836 ex
1699 3778 1808 3838 uumis
1825 3779 1924 3841 Drusi

1179 3869 1326 3932 Cucurrit
1343 3865 1540 3951 TiberiiF„
1562 3875 1596 3936 iu
1617 3875 1733 3960 quibus
1754 3878 1852 3960 hujus
1870 3900 1922 3963 ge·

438 3969 571 4034 Patrem
587 3969 784 4034 Antiochum
800 3973 857 4040 lv.
877 3972 1026 4036 Caesonii
1041 3971 1123 4036 Pae·
1178 3970 1297 4034 mellos
1319 3971 1507 4050 Tiberium,
1539 3975 1704 4060 aliumque
1727 4001 1921 4063 anonymum

375 4069 418 4146 ti,
441 4083 477 4133 ut
504 4071 659 4149 diximus,
687 4073 966 4138 criminationibus
988 4087 1120 4138 exutum
1174 4071 1296 4146 eodem
1318 4073 1418 4138 modo
1439 4077 1627 4160 propositos
1649 4077 1827 4161 babemus,
1854 4097 1925 4146 tum

377 4191 499 4254 regno,
523 4185 562 4236 et
576 4191 649 4236 sese
662 4174 708 4236 ad
723 4176 880 4258 priuatam
899 4175 1119 4253 conditionem
1178 4188 1212 4238 et
1232 4172 1337 4240 numis
1354 4177 1481 4240 Claudii
1498 4177 1582 4264 apud
1598 4181 1775 4248 Patrenses
1796 4199 1831 4249 et
1845 4185 1926 4249 Ale-

375 4272 528 4336 reductos
553 4293 620 4336 nou
642 4274 788 4338 ferentes
804 4275 865 4337 lilii
882 4278 1036 4359 generosi
1052 4279 1118 4340 sni·
1174 4277 1350 4344 maurinos
1371 4280 1532 4365 signatis.
1581 4283 1707 4348 Nomos
1742 4287 1828 4352 alter
1865 4308 1933 4353 cos

376 4375 421 4436 rui
438 4375 641 4458 Epiphanes,
668 4376 724 4458 qui
742 4395 849 4460 nuper
866 4375 906 4439 ad
921 4378 1116 4442 Bebriacum
1174 4381 1372 4458 adultiores,
1401 4393 1441 4446 et
1465 4382 1529 4464 jam
1559 4383 1592 4447 in
1624 4387 1736 4474 equis,
1766 4376 1803 4454 et
1828 4391 1930 4455 velus

376 4494 437 4553 pro
456 4476 589 4540 Othone
605 4474 737 4540 fortiter
754 4475 911 4543 dimicent
931 4480 1047 4544 vulnus
1068 4501 1119 4546 ac·
1175 4483 1341 4568 principes
1362 4485 1540 4568 juventutis
1561 4487 1656 4556 sistit.
1689 4492 1787 4554 Tiars
1807 4493 1934 4554 Arme-

375 4575 463 4656 cepit
476 4575 527 4658 b),
550 4590 584 4641 et
600 4577 775 4642 Callinicus
790 4601 878 4644 arma
894 4597 1021 4666 perant,
1042 4603 1118 4648 eon·
1173 4586 1266 4651 uinea
1288 4587 1409 4654 iudicet
1430 4611 1523 4676 spem
1545 4591 1763 4656 successionis
1789 4593 1824 4654 ia
1848 4613 1934 4676 prrs-

412 4775 443 4843 s)
463 4775 483 4832 1.
494 4799 519 4836 c.
593 4781 627 4852 b)
647 4783 741 4842 Tscit.
760 4781 884 4844 nisan.
900 4799 945 4850 25·
1021 4793 1053 4862 c)
1072 4789 1145 4848 Bell.
1162 4791 1227 4850 tud.
1243 4793 1351 4854 L.V11.
1369 4807 1430 4858 Μ.
