4168 5454
458 645 466 658 ¹
592 555 915 650 snnrvms,
960 557 1173 650 errore
1582 583 1653 652 ene

120 727 202 790 sidus
223 737 256 786 st
274 724 401 790 occulti
424 725 578 788 mirando
596 729 751 808 potentio
762 728 848 811 foti¹
904 727 1053 798 videatur
1069 725 1260 806 tribuendo,
1276 728 1454 814 prseoipue
1468 751 1541 796 onor
1559 749 1648 802 stro·

120 839 150 888 ot
159 825 365 890 sitlorenelis
380 831 427 910 Ι),
443 840 476 890 st
487 840 604 914 quouis
617 826 667 890 illi
677 829 727 893 vis
739 829 847 896 inesse
903 851 1043 917 nomque
1072 831 1170 896 etium
1199 844 1369 914 temporo,
1392 832 1508 914 quibus
1531 838 1648 922 signati

119 927 239 994 nentis.
275 927 388 1021 Qosre
408 929 505 994 toties
531 931 566 992 io
587 931 693 994 nemis
719 929 847 998 effictos
905 947 995 1010 sunt,
1013 946 1205 1016 congruent.
1227 934 1279 998 En
1300 934 1457 998 nonnulle
1476 941 1645 1024 exemplos

119 1029 275 1110 rodinum,
305 1045 362 1094 sut
382 1031 453 1116 ejus
482 1031 631 1116 singulos
661 1048 789 1118 portos,
811 1047 848 1098 ut
968 1035 1078 1118 Typos
1095 1034 1243 1098 mulieris
1262 1033 1407 1098 sedentis
1430 1049 1462 1098 ot
1484 1038 1647 1104 ooloolotn

118 1131 313 1218 capricornus
334 1134 370 1196 in
390 1134 498 1198 onmis
518 1133 676 1218 Augusti,
698 1137 846 1220 scorpios
903 1133 938 1198 in
956 1157 1067 1198 ornem
1085 1121 1242 1200 mitteritis
1260 1148 1363 1200 exstet
1379 1136 1476 1200 etiem
1496 1139 1529 1202 iu
1546 1161 1646 1208 numo

117 1235 145 1296 in
167 1235 268 1296 nornis
289 1235 549 1332 Commagenes,
577 1236 661 1300 libre
681 1237 717 1300 -in
741 1239 846 1302 rumis
903 1236 1067 1302 Anazarbi
1086 1236 1220 1302 Cilicius
1242 1236 1353 1301 addito
1371 1259 1456 1302 enno
1474 1229 1563 1309 HM.
1592 1245 1648 1328 qui

115 1337 269 1416 Palmyrso
287 1335 575 1417 oththodoridos
587 1339 685 1402 Ponti
698 1340 845 1423 reginae,
902 1349 939 1402 nt
954 1338 987 1398 in
1003 1337 1099 1420 hujus
1120 1338 1210 1402 urhis
1229 1352 1361 1402 moneto
1383 1338 1539 1419 docetur,
1559 1345 1648 1408 cedit

117 1437 311 1520 capricornus
330 1439 510 1524 iterumqin
529 1439 636 1504 onmis
656 1441 848 1526 Commage·
901 1435 936 1502 in
957 1461 1076 1502 sonem
1093 1441 1186 1522 M.
1204 1439 1277 1504 820.
1321 1441 1358 1502 lu
1375 1439 1584 1506 Antiocheno
1605 1445 1647 1510 sd

115 1559 166 1602 nes
191 1551 223 1602 ot
241 1539 453 1624 Zengmstis,
474 1540 560 1604 ories
583 1541 618 1604 in
638 1543 745 1606 nemis
765 1545 847 1626 Cyr-
903 1539 1043 1607 similem
1064 1555 1174 1625 typum
1189 1540 1319 1606 additur
1340 1560 1442 1606 snnos
1458 1539 1567 1624 out,
1589 1547 1646 1629 qni

117 1639 180 1716 nti,
207 1640 393 1726 osgitturios
413 1641 448 1704 in
470 1643 576 1720 nornis
597 1643 790 1710 Rheoeeneo
813 1659 847 1710 et
903 1655 954 1705 ost
975 1643 1015 1708 V.
1031 1643 1066 1704 C.
1089 1645 1162 1728 819.

115 1729 334 1824 Singsrorum,
354 1741 409 1806 leo
428 1742 463 1805 in
478 1746 710 1824 numisilileti,
728 1747 846 1832 quibos
975 1745 1060 1828 Typi
1090 1744 1180 1827 lyrae
1209 1758 1244 1808 et
1271 1762 1347 1806 eros
1374 1741 1489 1810 eedem
1511 1749 1645 1814 omnino

114 1843 186 1910 sido
202 1845 356 1929 copiosos
372 1844 613 1912 Alexandrinos
627 1849 770 1930 Aegypti
788 1837 848 1912 ini-
902 1843 1028 1922 ferme,
1050 1865 1112 1928 qus
1133 1847 1167 1910 iu
1185 1843 1417 1922 Antiochenis,
1439 1847 1567 1910 suntin
1588 1870 1646 1912 nu·

113 1959 235 2030 persone
262 1945 434 2010 Antonino
465 1947 528 2012 Pio
562 1949 729 2032 signatos,
764 1969 847 2034 qnos
903 1947 964 2010 ntis
986 1948 1179 2032 Hieropolis
1200 1946 1427 2030 Cyrrhestiose
1456 1951 1646 2036 comannis

114 2045 268 2130 elegenter
290 2048 436 2130 explicet
457 2031 725 2134 Borilrelempns,
748 2071 863 2136 quem·
902 2067 999 2110 soree
1016 2047 1263 2112 Seleucidsrom
1278 2042 1396 2112 ZMT.
1413 2045 1521 2115 ΖΝΤ.
1539 2049 1646 2118 ΑΟΤ.

113 2148 286 2232 comprimis
308 2149 446 2214 consuls
461 2147 513 2233 l‘)„
528 2153 571 2214 At
588 2153 846 2235 praecipuehue
902 2148 1019 2228 etlditis
1046 2152 1144 2214 etism
1165 2150 1285 2214 litteris
1306 2147 1461 2210 solitariis
1484 2150 1527 2214 A.
1549 2166 1584 2216 st
1604 2151 1644 2220 Γ,

111 2247 219 2312 indunt
234 2253 331 2314 nomi
347 2251 471 2330 triten,
494 2253 662 2338 inquibus
682 2253 846 2316 excubans
899 2249 1028 2312 Cedunt
1051 2252 1084 2311 hi
1104 2253 1180 2315 enni
1200 2252 1357 2314 in'snnos
1369 2249 1406 2316 V.
1420 2249 1456 2313 C.
1477 2251 1550 2315 888.
1569 2255 1643 2336 898.

111 2350 158 2413 leo
177 2351 319 2435 perinde
339 2373 376 2416 so
396 2355 484 2418 ories
505 2356 540 2418 in
559 2355 772 2418 Antiochenis
794 2375 847 2418 so·
901 2369 993 2431 orn,
1013 2372 1077 2436 qoo
1093 2365 1241 2437 ternpore
1257 2348 1381 2413 similes
1400 2351 1467 2432 typi
1482 2353 1567 2433 opud
1579 2362 1645 2415 An·

110 2450 167 2514 len
178 2453 335 2536 respicit,
353 2455 506 2518 nimirum
523 2467 744 2539 suppurent,
762 2456 846 2521 haee
900 2452 1072 2516 tioolrenos
1086 2453 1230 2519 vnlnere.
1264 2453 1308 2514 Et
1323 2470 1365 2512 ne
1387 2451 1464 2535 quid
1484 2452 1517 2514 in
1535 2453 1585 2518 lris
1602 2454 1644 2517 od

111 2553 244 2617 suinslis
259 2573 339 2619 esse
355 2555 529 2634 eoelestis,
546 2571 582 2624 et
599 2580 617 2620 e
633 2557 770 2622 zodiaco
786 2557 845 2620 du·
899 2553 1080 2638 perlectum
1090 2553 1299 2620 concordiem
1312 2551 1412 2629 desit,
1426 2553 1645 2630 esdemutro·

111 2668 168 2734 ota,
181 2675 274 2748 qoem
288 2658 344 2722 sol
363 2671 398 2722 et
414 2657 489 2724 lons
504 2657 695 2742 perrodunt.
717 2657 843 2724 Eodem
898 2654 1002 2739 bique
1023 2669 1098 2718 sunt
1124 2655 1249 2720 amicae
1274 2653 1400 2736 capito,
1430 2653 1519 2717 idem
1546 2655 1643 2718 etium

110 2757 180 2821 iseo
196 2759 390 2844 superstitio
408 2760 511 2822 molto
530 2759 626 2821 etiam
640 2760 753 2834 serino¹
764 2762 843 2824 Ars·
897 2776 1072 2820 nemorum
1093 2757 1264 2836 modulus,
1285 2757 1369 2820 odeo
1395 2769 1431 2826 nt
1446 2757 1507 2819 hos
1525 2757 1644 2822 Hiero-

110 2857 158 2922 δυ
173 2861 363 2945 occeperit,
384 2883 458 2925 nem
478 2875 512 2924 ut
529 2861 606 2924 alibi
621 2882 663 2924 ex
679 2860 846 2944 Abnlphs-
899 2855 1118 2940 polinensium
1138 2879 1272 2934 nomos,
1294 2858 1358 2922 nisi
1373 2871 1500 2923 vetaret
1519 2859 1646 2942 epigro-

111 2975 296 3044 regeneret
322 2964 572 3044 Bortlselemyus
596 2965 647 3042 ο),
670 2961 847 3024 Goiethesl·
900 2957 966 3040 plne
999 2955 1335 3024 ΙΕΡΟΠΟΛΙΤΩΝ
1349 3003 1359 3038 ,
1394 2961 1497 3032 nullo,
1520 2959 1644 3024 erroris

111 3059 192 3126 diros
211 3065 318 3130 leonii
332 3065 485 3129 Soltsnos
501 3075 648 3126 mortuus
666 3083 750 3128 sono
764 3075 845 3146 post
900 3073 990 3122 moto
1015 3060 1240 3124 Antiochenos
1266 3075 1408 3143 potores.
1442 3059 1566 3126 Confer
1587 3083 1644 3122 nu·

111 3164 262 3228 Christum
301 3175 392 3242 ¹244·
423 3165 528 3230 solem
549 3163 645 3230 leoni
673 3163 844 3227 immineu·
900 3160 1132 3238 rnoesimiles,
1154 3161 1302 3245 quisunt
1323 3161 1646 3243 spethelleriniuur

110 3277 167 3330 ten
198 3265 232 3330 in
260 3281 396 3330 moneto
424 3264 674 3350 exprimendum
708 3264 844 3343 curarit,
899 3263 1038 3328 Reoueil
1065 3254 1444 3332 T.11.tsb.Lva111.

111 3367 171 3430 sole
201 3367 317 3432 uxoris
336 3369 447 3432 ricem
471 3379 608 3450 proptor
630 3365 845 3452 pulchritudi·
962 3364 1090 3428 Eodem
1113 3365 1212 3428 modo
1235 3365 1643 3448 SemoesteniCommogs·

109 3488 193 3546 nem,
213 3471 316 3534 leone
332 3469 557 3532 snomSnltuni
573 3467 733 3545 obeunte,
755 3467 844 3554 quoti
899 3486 958 3530 nes
978 3465 1176 3544 caduceum,
1197 3469 1405 3532 Beroeeuses
1422 3466 1546 3532 ricinos
1564 3467 1642 3548 Cyn

111 3570 172 3650 ejus
198 3572 254 3636 leo
279 3569 486 3654 horoscopus
515 3583 613 3636 osset.
651 3571 729 3634 Noti
752 3569 844 3634 numi
898 3565 1061 3632 rliestiose
1079 3569 1161 3632 lauri
1181 3569 1562 3651 rememinscnlpsernnt
1584 3589 1647 3644 nu·¹

108 3671 200 3735 ludici
223 3671 318 3736 sorei
340 3687 438 3756 stqno
469 3671 618 3756 argentei
640 3669 718 3734 dicti
740 3669 843 3739 Gallis
899 3669 960 3734 ntis
981 3671 1136 3733 Hadriani
1167 3683 1201 3734 et
1221 3669 1377 3732 Antonini
1406 3683 1512 3732 notate
1535 3669 1646 3753 signs-⁴

107 3779 247 3854 ronpies,
267 3775 339 3838 oosi
355 3797 375 3838 o
399 3771 528 3840 sultano
546 3770 773 3836 Goion-Ghir
792 3774 843 3836 ln·
897 3771 959 3848 tis,
988 3771 1044 3856 qui
1074 3785 1182 3836 tamon
1208 3771 1240 3832 in
1267 3771 1372 3836 onmis
1393 3769 1466 3834 sliis
1487 3769 1639 3852 proprios

108 3871 172 3938 dise
196 3895 300 3958 rege,
322 3895 462 3960 quorum
487 3874 607 3958 singoli
632 3873 765 3958 aliquod
786 3895 842 3938 oo·
897 3893 974 3938 suos
1004 3893 1042 3936 so
1069 3873 1267 3940 domesticos
1303 3871 1447 3936 heboere
1479 3883 1571 3954 tppos
1604 3881 1639 3934 et

109 3971 184 4038 disci
204 3975 334 4061 signnm
357 3977 474 4040 sistunt
489 3976 534 4058 ἃ).
897 3973 1064 4040 fabricam.

160 4079 253 4142 lisso
270 4079 312 4146 ds
333 4079 437 4162 typis,
459 4077 607 4164 quisunt
627 4077 660 4140 in
678 4076 712 4140 id
735 4097 840 4163 genos
961 4077 1043 4140 Cum
1066 4093 1147 4158 ergo
1168 4073 1249 4138 lonso
1270 4087 1422 4160 typorum
1441 4089 1476 4138 et
1494 4071 1637 4144 febriens

106 4179 204 4244 onmis
224 4180 426 4254 sutonornis,
457 4179 659 4247 observantie
680 4179 768 4258 sies,
799 4178 840 4242 sd
897 4175 1071 4241 concordio
1095 4177 1216 4240 invicte
1242 4177 1458 4261 comprobet,
1480 4189 1647 4260 suosque,

106 4299 179 4363 qnos
197 4281 376 4350 notsntlom
398 4281 526 4361 adhue,
554 4303 613 4348 eos
640 4281 688 4346 sio
710 4293 839 4346 exstare
896 4300 1012 4345 nomos
1040 4299 1105 4342 ono
1136 4277 1318 4363 eodemque
1340 4292 1499 4363 ,ternpore
1529 4277 1638 4343 locent

106 4379 135 4440 in
161 4383 266 4448 sumis
300 4383 436 4448 slisrsrn
465 4404 595 4470 qnoque
624 4383 774 4458 urbium,
803 4395 840 4446 nt
896 4381 1035 4458 vidisse,
1063 4395 1158 4468 etque
1181 4379 1222 4444 de
1245 4381 1309 4446 hoo
1329 4382 1425 4448 nobis
1446 4401 1507 4464 per
1526 4399 1636 4444 sersus

104 4482 181 4546 lese
196 4487 371 4552 eoncordia
388 4506 454 4552 nun
473 4487 576 4566 ossoi,
594 4487 654 4552 sed
670 4485 839 4572 proposito
897 4483 1165 4562 Selouoidsrsm,
1197 4504 1279 4569 quoe
1308 4482 1499 4567 Hieropolis
1529 4482 1636 4560 nornis

138 4710 475 4784 atsn.v11.v.199.
584 4707 937 4782 b)1t.L.Tom.xl11.
965 4720 1076 4784 p.50t-
1189 4713 1218 4781 o]
1246 4711 1279 4766 8.
1295 4709 1327 4768 L
1352 4707 1503 4772 mxxvi.
1529 4727 1561 4788 p·
1576 4655 1646 4773 tto-¹

104 4795 136 4868 d)
157 4798 342 4875 Borthslsmy
364 4799 439 4858 ibid.
458 4821 490 4879 p.
510 4808 572 4864 574.
