<?xml version="1.0" encoding="UTF-8"?>
<!DOCTYPE html PUBLIC "-//W3C//DTD XHTML 1.0 Transitional//EN"
    "http://www.w3.org/TR/xhtml1/DTD/xhtml1-transitional.dtd">
<html xmlns="http://www.w3.org/1999/xhtml" xml:lang="en" lang="en">
 <head>
  <title>
</title>
<meta http-equiv="Content-Type" content="text/html;charset=utf-8" />
  <meta name='ocr-system' content='tesseract 3.04.00' />
  <meta name='ocr-capabilities' content='ocr_page ocr_carea ocr_par ocr_line ocrx_word'/>
</head>
<body>
  <div class='ocr_page' id='page_1' title='image "./doctrinanumorum02hohlgoog/doctrinanumorum02hohlgoog_0345.png"; bbox 0 0 4168 5454; ppageno 0'>
   <div class='ocr_carea' id='block_1_1' title="bbox 414 535 1166 1080">
    <p class='ocr_par' dir='ltr' id='par_1_1' title="bbox 414 535 1163 976">
     <span class='ocr_line' id='line_1_1' title="bbox 423 535 496 602; baseline -0.027 0"><span class='ocrx_word' id='word_1_1' title='bbox 423 535 496 602; x_wconf 73' lang='lat'><strong>5³2</strong></span> 
     </span>
     <span class='ocr_line' id='line_1_2' title="bbox 419 683 1161 774; baseline -0.007 -22"><span class='ocrx_word' id='word_1_2' title='bbox 419 689 548 766; x_wconf 83' lang='lat' dir='ltr'><strong>Lunae,</strong></span> <span class='ocrx_word' id='word_1_3' title='bbox 580 701 663 774; x_wconf 77' lang='lat' dir='ltr'><strong>quse</strong></span> <span class='ocrx_word' id='word_1_4' title='bbox 689 685 751 752; x_wconf 79' lang='lat' dir='ltr'><strong>luit</strong></span> <span class='ocrx_word' id='word_1_5' title='bbox 776 683 891 772; x_wconf 78' lang='lat' dir='ltr'><strong>sudent</strong></span> <span class='ocrx_word' id='word_1_6' title='bbox 918 703 992 750; x_wconf 86' lang='lat' dir='ltr'><strong>cusu</strong></span> <span class='ocrx_word' id='word_1_7' title='bbox 1017 685 1161 762; x_wconf 86' lang='lat' dir='ltr'><strong>Hecate,</strong></span> 
     </span>
     <span class='ocr_line' id='line_1_3' title="bbox 419 785 1163 878; baseline -0.011 -22"><span class='ocrx_word' id='word_1_8' title='bbox 419 793 473 856; x_wconf 83' lang='lat' dir='ltr'><strong>sei</strong></span> <span class='ocrx_word' id='word_1_9' title='bbox 489 791 705 876; x_wconf 83' lang='lat' dir='ltr'><strong>Proserpina,</strong></span> <span class='ocrx_word' id='word_1_10' title='bbox 729 785 829 876; x_wconf 82' lang='lat' dir='ltr'><strong>itique</strong></span> <span class='ocrx_word' id='word_1_11' title='bbox 849 787 925 878; x_wconf 80' lang='lat' dir='ltr'><strong>qais</strong></span> <span class='ocrx_word' id='word_1_12' title='bbox 942 787 1014 852; x_wconf 87' lang='lat' dir='ltr'><strong>Diti</strong></span> <span class='ocrx_word' id='word_1_13' title='bbox 1037 805 1163 854; x_wconf 86' lang='lat' dir='ltr'><strong>sacratu</strong></span> 
     </span>
     <span class='ocr_line' id='line_1_4' title="bbox 414 891 798 976; baseline 0.005 -18"><span class='ocrx_word' id='word_1_14' title='bbox 414 892 644 976; x_wconf 70' lang='lat' dir='ltr'><strong>pronunciavit</strong></span> <span class='ocrx_word' id='word_1_15' title='bbox 661 891 798 960; x_wconf 78' lang='lat' dir='ltr'><strong>Plinius.</strong></span> 
     </span>
    </p>

    <p class='ocr_par' dir='ltr' id='par_1_2' title="bbox 435 996 1166 1080">
     <span class='ocr_line' id='line_1_5' title="bbox 435 996 1166 1080; baseline -0.011 -19"><span class='ocrx_word' id='word_1_16' title='bbox 435 1023 438 1038; x_wconf 89' lang='grc'><strong><em>·</em></strong></span> <span class='ocrx_word' id='word_1_17' title='bbox 483 996 614 1060; x_wconf 78' lang='lat' dir='ltr'><strong>Silenus</strong></span> <span class='ocrx_word' id='word_1_18' title='bbox 661 1006 759 1058; x_wconf 83' lang='lat' dir='ltr'><strong>stans</strong></span> <span class='ocrx_word' id='word_1_19' title='bbox 797 1003 935 1080; x_wconf 81' lang='lat' dir='ltr'><strong>propter</strong></span> <span class='ocrx_word' id='word_1_20' title='bbox 976 1009 1166 1074; x_wconf 82' lang='lat' dir='ltr'><strong>supressum</strong></span> 
     </span>
    </p>
   </div>
   <div class='ocr_carea' id='block_1_2' title="bbox 413 1096 1165 1279">
    <p class='ocr_par' dir='ltr' id='par_1_3' title="bbox 413 1096 1165 1279">
     <span class='ocr_line' id='line_1_6' title="bbox 417 1096 1165 1178; baseline -0.004 -22"><span class='ocrx_word' id='word_1_21' title='bbox 417 1107 524 1157; x_wconf 83' lang='lat' dir='ltr'><strong>utrem</strong></span> <span class='ocrx_word' id='word_1_22' title='bbox 538 1096 675 1159; x_wconf 77' lang='lat' dir='ltr'><strong>ltume&#39;ro</strong></span> <span class='ocrx_word' id='word_1_23' title='bbox 685 1105 836 1178; x_wconf 73' lang='lat' dir='ltr'><strong>gestans,</strong></span> <span class='ocrx_word' id='word_1_24' title='bbox 858 1097 964 1156; x_wconf 69' lang='lat' dir='ltr'><strong>enam</strong></span> <span class='ocrx_word' id='word_1_25' title='bbox 981 1096 1072 1156; x_wconf 81' lang='lat' dir='ltr'><strong>intra</strong></span> <span class='ocrx_word' id='word_1_26' title='bbox 1086 1103 1165 1172; x_wconf 79' lang='lat' dir='ltr'><strong>tom·</strong></span> 
     </span>
     <span class='ocr_line' id='line_1_7' title="bbox 413 1191 1164 1279; baseline 0 -23"><span class='ocrx_word' id='word_1_27' title='bbox 413 1199 518 1279; x_wconf 80' lang='lat' dir='ltr'><strong>plum.</strong></span> <span class='ocrx_word' id='word_1_28' title='bbox 549 1196 626 1258; x_wconf 87' lang='lat' dir='ltr'><strong>Fuit</strong></span> <span class='ocrx_word' id='word_1_29' title='bbox 642 1195 700 1260; x_wconf 83' lang='lat' dir='ltr'><strong>hic</strong></span> <span class='ocrx_word' id='word_1_30' title='bbox 717 1193 850 1260; x_wconf 85' lang='lat' dir='ltr'><strong>‹icaster</strong></span> <span class='ocrx_word' id='word_1_31' title='bbox 869 1194 1000 1258; x_wconf 86' lang='lat' dir='ltr'><strong>solitum</strong></span> <span class='ocrx_word' id='word_1_32' title='bbox 1022 1191 1164 1258; x_wconf 86' lang='lat' dir='ltr'><strong>colonia·</strong></span> 
     </span>
    </p>
   </div>
   <div class='ocr_carea' id='block_1_3' title="bbox 1000 511 1388 591">
    <p class='ocr_par' dir='ltr' id='par_1_4' title="bbox 1000 511 1388 591">
     <span class='ocr_line' id='line_1_8' title="bbox 1000 511 1388 591; baseline 0.018 -13"><span class='ocrx_word' id='word_1_33' title='bbox 1000 511 1388 591; x_wconf 60' lang='lat' dir='ltr'><strong>committis.</strong></span> 
     </span>
    </p>
   </div>
   <div class='ocr_carea' id='block_1_4' title="bbox 1219 785 1921 1286">
    <p class='ocr_par' dir='ltr' id='par_1_5' title="bbox 1219 785 1921 1286">
     <span class='ocr_line' id='line_1_9' title="bbox 1219 785 1919 859; baseline 0.016 -11"><span class='ocrx_word' id='word_1_34' title='bbox 1219 785 1316 852; x_wconf 85' lang='lat' dir='ltr'><strong>missis</strong></span> <span class='ocrx_word' id='word_1_35' title='bbox 1338 785 1495 852; x_wconf 76' lang='lat' dir='ltr'><strong>condidit.</strong></span> <span class='ocrx_word' id='word_1_36' title='bbox 1531 786 1590 848; x_wconf 81' lang='lat' dir='ltr'><strong>Sin</strong></span> <span class='ocrx_word' id='word_1_37' title='bbox 1613 785 1696 851; x_wconf 88' lang='lat' dir='ltr'><strong>istud</strong></span> <span class='ocrx_word' id='word_1_38' title='bbox 1720 787 1859 856; x_wconf 81' lang='lat' dir='ltr'><strong>creditum</strong></span> <span class='ocrx_word' id='word_1_39' title='bbox 1879 816 1919 859; x_wconf 87' lang='lat' dir='ltr'><strong>rs·</strong></span> 
     </span>
     <span class='ocr_line' id='line_1_10' title="bbox 1219 885 1918 976; baseline 0.011 -26"><span class='ocrx_word' id='word_1_40' title='bbox 1219 905 1298 951; x_wconf 81' lang='lat' dir='ltr'><strong>vera</strong></span> <span class='ocrx_word' id='word_1_41' title='bbox 1323 885 1385 949; x_wconf 83' lang='lat' dir='ltr'><strong>luit</strong></span> <span class='ocrx_word' id='word_1_42' title='bbox 1403 887 1617 950; x_wconf 85' lang='lat' dir='ltr'><strong>Damascenis</strong></span> <span class='ocrx_word' id='word_1_43' title='bbox 1644 885 1784 969; x_wconf 80' lang='lat' dir='ltr'><strong>Graecis,</strong></span> <span class='ocrx_word' id='word_1_44' title='bbox 1805 911 1918 976; x_wconf 68' lang='lat' dir='ltr'><strong>pontu</strong></span> 
     </span>
     <span class='ocr_line' id='line_1_11' title="bbox 1220 987 1921 1075; baseline 0.01 -22"><span class='ocrx_word' id='word_1_45' title='bbox 1220 1001 1270 1054; x_wconf 88' lang='lat' dir='ltr'><strong>est</strong></span> <span class='ocrx_word' id='word_1_46' title='bbox 1283 987 1428 1072; x_wconf 90' lang='lat' dir='ltr'><strong>opinari,</strong></span> <span class='ocrx_word' id='word_1_47' title='bbox 1449 1009 1507 1054; x_wconf 89' lang='lat' dir='ltr'><strong>eos</strong></span> <span class='ocrx_word' id='word_1_48' title='bbox 1524 987 1655 1069; x_wconf 81' lang='lat' dir='ltr'><strong>majoris</strong></span> <span class='ocrx_word' id='word_1_49' title='bbox 1675 1009 1746 1053; x_wconf 87' lang='lat' dir='ltr'><strong>soso</strong></span> <span class='ocrx_word' id='word_1_50' title='bbox 1760 993 1867 1075; x_wconf 81' lang='lat' dir='ltr'><strong>patriae</strong></span> <span class='ocrx_word' id='word_1_51' title='bbox 1886 996 1921 1060; x_wconf 85' lang='lat' dir='ltr'><strong>ls-</strong></span> 
     </span>
     <span class='ocr_line' id='line_1_12' title="bbox 1219 1089 1921 1176; baseline 0.007 -20"><span class='ocrx_word' id='word_1_52' title='bbox 1219 1105 1272 1156; x_wconf 88' lang='lat' dir='ltr'><strong>ota</strong></span> <span class='ocrx_word' id='word_1_53' title='bbox 1309 1089 1488 1154; x_wconf 82' lang='lat' dir='ltr'><strong>domestica</strong></span> <span class='ocrx_word' id='word_1_54' title='bbox 1524 1089 1562 1152; x_wconf 90' lang='lat' dir='ltr'><strong>iu</strong></span> <span class='ocrx_word' id='word_1_55' title='bbox 1598 1089 1702 1154; x_wconf 82' lang='lat' dir='ltr'><strong>cumis</strong></span> <span class='ocrx_word' id='word_1_56' title='bbox 1735 1095 1921 1176; x_wconf 69' lang='lat' dir='ltr'><strong>proposuisse.</strong></span> 
     </span>
     <span class='ocr_line' id='line_1_13' title="bbox 1220 1190 1921 1286; baseline 0.009 -32"><span class='ocrx_word' id='word_1_57' title='bbox 1220 1191 1309 1286; x_wconf 81' lang='lat' dir='ltr'><strong>Quid</strong></span> <span class='ocrx_word' id='word_1_58' title='bbox 1324 1190 1411 1278; x_wconf 83' lang='lat' dir='ltr'><strong>quod</strong></span> <span class='ocrx_word' id='word_1_59' title='bbox 1428 1191 1644 1278; x_wconf 77' lang='lat' dir='ltr'><strong>Cyparissum,</strong></span> <span class='ocrx_word' id='word_1_60' title='bbox 1664 1192 1749 1276; x_wconf 85' lang='lat' dir='ltr'><strong>cujus</strong></span> <span class='ocrx_word' id='word_1_61' title='bbox 1763 1196 1921 1260; x_wconf 83' lang='lat' dir='ltr'><strong>memoriam</strong></span> 
     </span>
    </p>
   </div>
   <div class='ocr_carea' id='block_1_5' title="bbox 417 1292 1920 1380">
    <p class='ocr_par' dir='ltr' id='par_1_6' title="bbox 417 1292 1920 1380">
     <span class='ocr_line' id='line_1_14' title="bbox 417 1292 1920 1380; baseline 0.002 -21"><span class='ocrx_word' id='word_1_62' title='bbox 417 1309 491 1360; x_wconf 87' lang='grc' dir='ltr'>ι’·ιιιι</span> <span class='ocrx_word' id='word_1_63' title='bbox 520 1317 658 1376; x_wconf 85' lang='lat' dir='ltr'><strong>numen,</strong></span> <span class='ocrx_word' id='word_1_64' title='bbox 687 1309 725 1361; x_wconf 90' lang='lat' dir='ltr'><strong>ut</strong></span> <span class='ocrx_word' id='word_1_65' title='bbox 748 1295 878 1362; x_wconf 77' lang='lat' dir='ltr'><strong>dicetur</strong></span> <span class='ocrx_word' id='word_1_66' title='bbox 898 1293 934 1356; x_wconf 89' lang='lat' dir='ltr'><strong>·iu</strong></span> <span class='ocrx_word' id='word_1_67' title='bbox 958 1307 1094 1360; x_wconf 84' lang='lat' dir='ltr'><strong>tractato</strong></span> <span class='ocrx_word' id='word_1_68' title='bbox 1121 1292 1163 1356; x_wconf 79' lang='lat' dir='ltr'><strong>te</strong></span> <span class='ocrx_word' id='word_1_69' title='bbox 1212 1295 1412 1358; x_wconf 65' lang='lat' dir='ltr'><strong>iiiamesceni</strong></span> <span class='ocrx_word' id='word_1_70' title='bbox 1426 1294 1549 1380; x_wconf 78' lang='lat' dir='ltr'><strong>signata</strong></span> <span class='ocrx_word' id='word_1_71' title='bbox 1564 1294 1599 1356; x_wconf 90' lang='lat' dir='ltr'><strong>in</strong></span> <span class='ocrx_word' id='word_1_72' title='bbox 1619 1293 1739 1372; x_wconf 85' lang='lat' dir='ltr'><strong>numia,</strong></span> <span class='ocrx_word' id='word_1_73' title='bbox 1753 1309 1785 1359; x_wconf 87' lang='lat' dir='ltr'><strong>ct</strong></span> <span class='ocrx_word' id='word_1_74' title='bbox 1799 1294 1920 1375; x_wconf 82' lang='lat' dir='ltr'><strong>slisi,cu·</strong></span> 
     </span>
    </p>
   </div>
   <div class='ocr_carea' id='block_1_6' title="bbox 413 1398 1167 2194">
    <p class='ocr_par' dir='ltr' id='par_1_7' title="bbox 413 1398 671 1466">
     <span class='ocr_line' id='line_1_15' title="bbox 413 1398 671 1466; baseline 0.008 -2"><span class='ocrx_word' id='word_1_75' title='bbox 413 1399 534 1464; x_wconf 71' lang='lat' dir='ltr'><strong>aarum</strong></span> <span class='ocrx_word' id='word_1_76' title='bbox 553 1398 671 1466; x_wconf 69' lang='lat' dir='ltr'><strong>nuno.</strong></span> 
     </span>
    </p>

    <p class='ocr_par' dir='ltr' id='par_1_8' title="bbox 414 1498 1167 1990">
     <span class='ocr_line' id='line_1_16' title="bbox 451 1498 1165 1580; baseline -0.007 -16"><span class='ocrx_word' id='word_1_77' title='bbox 451 1523 455 1530; x_wconf 94' lang='lat'>·</span> <span class='ocrx_word' id='word_1_78' title='bbox 479 1501 638 1564; x_wconf 85' lang='lat' dir='ltr'><strong>Bucelrus</strong></span> <span class='ocrx_word' id='word_1_79' title='bbox 666 1512 763 1564; x_wconf 83' lang='lat' dir='ltr'><strong>stans</strong></span> <span class='ocrx_word' id='word_1_80' title='bbox 782 1503 870 1564; x_wconf 84' lang='lat' dir='ltr'><strong>inter</strong></span> <span class='ocrx_word' id='word_1_81' title='bbox 893 1499 978 1561; x_wconf 70' lang='lat' dir='ltr'><strong>duas</strong></span> <span class='ocrx_word' id='word_1_82' title='bbox 998 1498 1165 1580; x_wconf 77' lang='lat' dir='ltr'><strong>palmites,</strong></span> 
     </span>
     <span class='ocr_line' id='line_1_17' title="bbox 414 1599 1167 1686; baseline -0.008 -22"><span class='ocrx_word' id='word_1_83' title='bbox 414 1600 630 1686; x_wconf 50' lang='lat' dir='ltr'><strong>erraberunt.</strong></span> <span class='ocrx_word' id='word_1_84' title='bbox 650 1601 783 1685; x_wconf 79' lang='lat' dir='ltr'><strong>(vain.)</strong></span> <span class='ocrx_word' id='word_1_85' title='bbox 811 1599 976 1663; x_wconf 83' lang='lat' dir='ltr'><strong>Bacchum</strong></span> <span class='ocrx_word' id='word_1_86' title='bbox 999 1599 1082 1664; x_wconf 80' lang='lat' dir='ltr'><strong>vites</strong></span> <span class='ocrx_word' id='word_1_87' title='bbox 1105 1617 1167 1682; x_wconf 87' lang='lat' dir='ltr'><strong>per</strong></span> 
     </span>
     <span class='ocr_line' id='line_1_18' title="bbox 416 1692 1166 1789; baseline -0.016 -17"><span class='ocrx_word' id='word_1_88' title='bbox 416 1703 548 1789; x_wconf 69' lang='lat' dir='ltr'><strong>Syriam</strong></span> <span class='ocrx_word' id='word_1_89' title='bbox 571 1692 751 1789; x_wconf 81' lang='lat' dir='ltr'><strong>plantasse,</strong></span> <span class='ocrx_word' id='word_1_90' title='bbox 776 1715 810 1766; x_wconf 85' lang='lat' dir='ltr'><strong>at</strong></span> <span class='ocrx_word' id='word_1_91' title='bbox 836 1699 1028 1786; x_wconf 85' lang='lat' dir='ltr'><strong>impeditum</strong></span> <span class='ocrx_word' id='word_1_92' title='bbox 1054 1721 1077 1763; x_wconf 83' lang='lat' dir='ltr'><strong>a</strong></span> <span class='ocrx_word' id='word_1_93' title='bbox 1097 1701 1166 1761; x_wconf 88' lang='lat' dir='ltr'><strong>Da·</strong></span> 
     </span>
     <span class='ocr_line' id='line_1_19' title="bbox 417 1799 1165 1890; baseline -0.009 -21"><span class='ocrx_word' id='word_1_94' title='bbox 417 1821 529 1870; x_wconf 80' lang='lat' dir='ltr'><strong>suesco</strong></span> <span class='ocrx_word' id='word_1_95' title='bbox 550 1805 719 1890; x_wconf 80' lang='lat' dir='ltr'><strong>quopiam,</strong></span> <span class='ocrx_word' id='word_1_96' title='bbox 743 1802 936 1890; x_wconf 84' lang='lat' dir='ltr'><strong>squourbi</strong></span> <span class='ocrx_word' id='word_1_97' title='bbox 955 1821 1093 1876; x_wconf 87' lang='lat' dir='ltr'><strong>nomeu,</strong></span> <span class='ocrx_word' id='word_1_98' title='bbox 1119 1799 1165 1869; x_wconf 80' lang='lat' dir='ltr'><strong>ts·</strong></span> 
     </span>
     <span class='ocr_line' id='line_1_20' title="bbox 415 1905 1042 1990; baseline -0.008 -19"><span class='ocrx_word' id='word_1_99' title='bbox 415 1907 549 1971; x_wconf 81' lang='lat' dir='ltr'><strong>buiatur</strong></span> <span class='ocrx_word' id='word_1_100' title='bbox 567 1905 763 1990; x_wconf 74' lang='lat' dir='ltr'><strong>Stephanus.</strong></span> <span class='ocrx_word' id='word_1_101' title='bbox 778 1905 834 1988; x_wconf 54' lang='grc' dir='ltr'><strong>Ὶῖ(ἰι</strong></span> <span class='ocrx_word' id='word_1_102' title='bbox 852 1905 1042 1984; x_wconf 80' lang='lat' dir='ltr'><strong>Damasco.)</strong></span> 
     </span>
    </p>

    <p class='ocr_par' dir='ltr' id='par_1_9' title="bbox 414 2002 1166 2194">
     <span class='ocr_line' id='line_1_21' title="bbox 484 2002 1166 2090; baseline -0.012 -18"><span class='ocrx_word' id='word_1_103' title='bbox 484 2009 589 2072; x_wconf 77' lang='lat' dir='ltr'><strong>Gerra</strong></span> <span class='ocrx_word' id='word_1_104' title='bbox 601 2029 703 2090; x_wconf 78' lang='lat' dir='ltr'><strong>puero</strong></span> <span class='ocrx_word' id='word_1_105' title='bbox 717 2009 819 2070; x_wconf 79' lang='lat' dir='ltr'><strong>ubera</strong></span> <span class='ocrx_word' id='word_1_106' title='bbox 833 2009 1004 2088; x_wconf 80' lang='lat' dir='ltr'><strong>praebens·</strong></span> <span class='ocrx_word' id='word_1_107' title='bbox 1021 2002 1166 2071; x_wconf 73' lang='lat' dir='ltr'><strong>vuillar-</strong></span> 
     </span>
     <span class='ocr_line' id='line_1_22' title="bbox 414 2104 1163 2194; baseline -0.004 -24"><span class='ocrx_word' id='word_1_108' title='bbox 414 2111 482 2174; x_wconf 84' lang='lat' dir='ltr'><strong>.tius</strong></span> <span class='ocrx_word' id='word_1_109' title='bbox 497 2108 618 2172; x_wconf 80' lang='lat' dir='ltr'><strong>animal</strong></span> <span class='ocrx_word' id='word_1_110' title='bbox 632 2106 716 2170; x_wconf 84' lang='lat' dir='ltr'><strong>illoti</strong></span> <span class='ocrx_word' id='word_1_111' title='bbox 729 2109 860 2170; x_wconf 77' lang='lat' dir='ltr'><strong>damam</strong></span> <span class='ocrx_word' id='word_1_112' title='bbox 870 2106 966 2184; x_wconf 79' lang='lat' dir='ltr'><strong>-dieit,</strong></span> <span class='ocrx_word' id='word_1_113' title='bbox 985 2104 1074 2194; x_wconf 82' lang='lat' dir='ltr'><strong>quod</strong></span> <span class='ocrx_word' id='word_1_114' title='bbox 1089 2104 1163 2168; x_wconf 83' lang='lat' dir='ltr'><strong>lere</strong></span> 
     </span>
    </p>
   </div>
   <div class='ocr_carea' id='block_1_7' title="bbox 1219 1395 1932 2191">
    <p class='ocr_par' dir='ltr' id='par_1_10' title="bbox 1219 1395 1932 2191">
     <span class='ocr_line' id='line_1_23' title="bbox 1219 1395 1924 1482; baseline 0.009 -25"><span class='ocrx_word' id='word_1_115' title='bbox 1219 1417 1335 1482; x_wconf 88' lang='lat' dir='ltr'><strong>presso</strong></span> <span class='ocrx_word' id='word_1_116' title='bbox 1351 1397 1460 1481; x_wconf 86' lang='lat' dir='ltr'><strong>aliquo</strong></span> <span class='ocrx_word' id='word_1_117' title='bbox 1481 1395 1579 1460; x_wconf 86' lang='lat' dir='ltr'><strong>modo</strong></span> <span class='ocrx_word' id='word_1_118' title='bbox 1598 1411 1833 1476; x_wconf 76' lang='lat' dir='ltr'><strong>conservarunt,</strong></span> <span class='ocrx_word' id='word_1_119' title='bbox 1856 1399 1924 1480; x_wconf 88' lang='lat' dir='ltr'><strong>ejus·</strong></span> 
     </span>
     <span class='ocr_line' id='line_1_24' title="bbox 1223 1485 1885 1582; baseline 0.009 -22"><span class='ocrx_word' id='word_1_120' title='bbox 1223 1499 1299 1563; x_wconf 90' lang='lat' dir='ltr'><strong>dem</strong></span> <span class='ocrx_word' id='word_1_121' title='bbox 1317 1496 1458 1582; x_wconf 84' lang='lat' dir='ltr'><strong>Telephi</strong></span> <span class='ocrx_word' id='word_1_122' title='bbox 1474 1485 1577 1559; x_wconf 77' lang='lat' dir='ltr'><strong>filium</strong></span> <span class='ocrx_word' id='word_1_123' title='bbox 1590 1495 1692 1560; x_wconf 77' lang='lat' dir='ltr'><strong>iaciat</strong></span> <span class='ocrx_word' id='word_1_124' title='bbox 1708 1495 1830 1562; x_wconf 81' lang='lat' dir='ltr'><strong>Servius</strong></span> <span class='ocrx_word' id='word_1_125' title='bbox 1847 1496 1885 1580; x_wconf 75' lang='lat' dir='ltr'><strong>b).</strong></span> 
     </span>
     <span class='ocr_line' id='line_1_25' title="bbox 1286 1583 1928 1682; baseline 0.006 -22"><span class='ocrx_word' id='word_1_126' title='bbox 1286 1593 1446 1660; x_wconf 72' lang='lat' dir='ltr'><strong>nflt‘at.</strong></span> <span class='ocrx_word' id='word_1_127' title='bbox 1478 1583 1616 1680; x_wconf 70' lang='lat' dir='ltr'><strong>Specus,</strong></span> <span class='ocrx_word' id='word_1_128' title='bbox 1639 1604 1677 1664; x_wconf 83' lang='lat' dir='ltr'><strong>ist</strong></span> <span class='ocrx_word' id='word_1_129' title='bbox 1693 1619 1751 1678; x_wconf 76' lang='lat' dir='ltr'><strong>quo</strong></span> <span class='ocrx_word' id='word_1_130' title='bbox 1763 1601 1928 1682; x_wconf 72' lang='lat' dir='ltr'><strong>statuissetis·</strong></span> 
     </span>
     <span class='ocr_line' id='line_1_26' title="bbox 1222 1697 1929 1784; baseline -0.001 -19"><span class='ocrx_word' id='word_1_131' title='bbox 1222 1702 1392 1777; x_wconf 83' lang='lat' dir='ltr'><strong>eumbens,</strong></span> <span class='ocrx_word' id='word_1_132' title='bbox 1416 1697 1589 1764; x_wconf 76' lang='lat' dir='ltr'><strong>Otaciliae.</strong></span> <span class='ocrx_word' id='word_1_133' title='bbox 1609 1697 1742 1784; x_wconf 74' lang='lat' dir='ltr'><strong>(Vaitt.)</strong></span> <span class='ocrx_word' id='word_1_134' title='bbox 1768 1701 1864 1784; x_wconf 76' lang='lat' dir='ltr'><strong>Typus</strong></span> <span class='ocrx_word' id='word_1_135' title='bbox 1883 1716 1929 1780; x_wconf 87' lang='lat' dir='ltr'><strong>est,</strong></span> 
     </span>
     <span class='ocr_line' id='line_1_27' title="bbox 1222 1800 1928 1892; baseline 0 -28"><span class='ocrx_word' id='word_1_136' title='bbox 1222 1813 1259 1864; x_wconf 86' lang='lat' dir='ltr'><strong>ut</strong></span> <span class='ocrx_word' id='word_1_137' title='bbox 1281 1801 1315 1862; x_wconf 88' lang='lat' dir='ltr'><strong>iu</strong></span> <span class='ocrx_word' id='word_1_138' title='bbox 1338 1803 1444 1866; x_wconf 82' lang='lat' dir='ltr'><strong>numia</strong></span> <span class='ocrx_word' id='word_1_139' title='bbox 1466 1801 1588 1864; x_wconf 83' lang='lat' dir='ltr'><strong>Latinis</strong></span> <span class='ocrx_word' id='word_1_140' title='bbox 1613 1800 1787 1892; x_wconf 82' lang='lat' dir='ltr'><strong>inscriptis:</strong></span> <span class='ocrx_word' id='word_1_141' title='bbox 1820 1801 1928 1892; x_wconf 78' lang='lat' dir='ltr'><strong>tht.</strong></span> 
     </span>
     <span class='ocr_line' id='line_1_28' title="bbox 1222 1895 1932 1984; baseline -0.001 -19"><span class='ocrx_word' id='word_1_142' title='bbox 1222 1895 1427 1968; x_wconf 68' lang='lat' dir='ltr'><strong>Tattaios.</strong></span> <span class='ocrx_word' id='word_1_143' title='bbox 1450 1903 1597 1970; x_wconf 69' lang='lat' dir='ltr'><strong>Verbum</strong></span> <span class='ocrx_word' id='word_1_144' title='bbox 1613 1897 1762 1964; x_wconf 81' lang='grc' dir='ltr'><strong>ΠΗΓΑΙ</strong></span> <span class='ocrx_word' id='word_1_145' title='bbox 1775 1901 1879 1984; x_wconf 83' lang='lat' dir='ltr'><strong>scates</strong></span> <span class='ocrx_word' id='word_1_146' title='bbox 1895 1907 1932 1964; x_wconf 88' lang='lat' dir='ltr'><strong>in·</strong></span> 
     </span>
     <span class='ocr_line' id='line_1_29' title="bbox 1220 2001 1931 2072; baseline -0.006 -4"><span class='ocrx_word' id='word_1_147' title='bbox 1220 2005 1317 2072; x_wconf 76' lang='lat' dir='ltr'><strong>dicat.</strong></span> <span class='ocrx_word' id='word_1_148' title='bbox 1340 2005 1437 2068; x_wconf 83' lang='lat' dir='ltr'><strong>&#39;Fuit</strong></span> <span class='ocrx_word' id='word_1_149' title='bbox 1462 2005 1640 2068; x_wconf 80' lang='lat' dir='ltr'><strong>Damascus</strong></span> <span class='ocrx_word' id='word_1_150' title='bbox 1671 2003 1728 2067; x_wconf 84' lang='lat' dir='ltr'><strong>sita</strong></span> <span class='ocrx_word' id='word_1_151' title='bbox 1757 2003 1795 2066; x_wconf 83' lang='lat' dir='ltr'><strong>ssi</strong></span> <span class='ocrx_word' id='word_1_152' title='bbox 1821 2001 1931 2067; x_wconf 81' lang='lat' dir='ltr'><strong>flurium</strong></span> 
     </span>
     <span class='ocr_line' id='line_1_30' title="bbox 1220 2095 1931 2191; baseline -0.004 -21"><span class='ocrx_word' id='word_1_153' title='bbox 1220 2095 1481 2190; x_wconf 80' lang='lat' dir='ltr'><strong>Chrysorhoam,</strong></span> <span class='ocrx_word' id='word_1_154' title='bbox 1504 2105 1565 2169; x_wconf 84' lang='lat' dir='ltr'><strong>sed</strong></span> <span class='ocrx_word' id='word_1_155' title='bbox 1587 2105 1646 2191; x_wconf 76' lang='lat' dir='ltr'><strong>qui</strong></span> <span class='ocrx_word' id='word_1_156' title='bbox 1670 2106 1800 2172; x_wconf 72' lang='lat' dir='ltr'><strong>aliorsum</strong></span> <span class='ocrx_word' id='word_1_157' title='bbox 1819 2105 1931 2169; x_wconf 83' lang='lat' dir='ltr'><strong>iostiun</strong></span> 
     </span>
    </p>
   </div>
   <div class='ocr_carea' id='block_1_8' title="bbox 415 2205 1931 2295">
    <p class='ocr_par' dir='ltr' id='par_1_11' title="bbox 415 2205 1931 2295">
     <span class='ocr_line' id='line_1_31' title="bbox 415 2205 1931 2295; baseline -0.004 -21"><span class='ocrx_word' id='word_1_158' title='bbox 415 2209 537 2276; x_wconf 85' lang='lat' dir='ltr'><strong>eodem</strong></span> <span class='ocrx_word' id='word_1_159' title='bbox 558 2208 691 2286; x_wconf 84' lang='lat' dir='ltr'><strong>recidit,</strong></span> <span class='ocrx_word' id='word_1_160' title='bbox 723 2211 820 2295; x_wconf 86' lang='lat' dir='ltr'><strong>&#39;atque</strong></span> <span class='ocrx_word' id='word_1_161' title='bbox 847 2231 864 2272; x_wconf 85' lang='lat' dir='ltr'><strong>s</strong></span> <span class='ocrx_word' id='word_1_162' title='bbox 890 2213 988 2272; x_wconf 78' lang='lat' dir='ltr'><strong>dorna</strong></span> <span class='ocrx_word' id='word_1_163' title='bbox 1011 2207 1081 2270; x_wconf 82' lang='lat' dir='ltr'><strong>iore</strong></span> <span class='ocrx_word' id='word_1_164' title='bbox 1100 2207 1164 2269; x_wconf 86' lang='lat' dir='ltr'><strong>Da·</strong></span> <span class='ocrx_word' id='word_1_165' title='bbox 1218 2209 1406 2272; x_wconf 86' lang='lat' dir='ltr'><strong>accessione</strong></span> <span class='ocrx_word' id='word_1_166' title='bbox 1436 2209 1523 2271; x_wconf 78' lang='lat' dir='ltr'><strong>vires</strong></span> <span class='ocrx_word' id='word_1_167' title='bbox 1552 2209 1697 2292; x_wconf 89' lang='lat' dir='ltr'><strong>accepit;</strong></span> <span class='ocrx_word' id='word_1_168' title='bbox 1725 2229 1794 2271; x_wconf 83' lang='lat' dir='ltr'><strong>nant</strong></span> <span class='ocrx_word' id='word_1_169' title='bbox 1821 2221 1852 2270; x_wconf 86' lang='lat' dir='ltr'><strong>et</strong></span> <span class='ocrx_word' id='word_1_170' title='bbox 1876 2205 1931 2268; x_wconf 82' lang='lat' dir='ltr'><strong>bini</strong></span> 
     </span>
    </p>
   </div>
   <div class='ocr_carea' id='block_1_9' title="bbox 414 2309 1164 2790">
    <p class='ocr_par' dir='ltr' id='par_1_12' title="bbox 414 2309 1164 2781">
     <span class='ocr_line' id='line_1_32' title="bbox 417 2309 1163 2395; baseline -0.009 -19"><span class='ocrx_word' id='word_1_171' title='bbox 417 2333 563 2378; x_wconf 84' lang='lat' dir='ltr'><strong>ansteum</strong></span> <span class='ocrx_word' id='word_1_172' title='bbox 582 2309 835 2395; x_wconf 84' lang='lat' dir='ltr'><strong>appellationem</strong></span> <span class='ocrx_word' id='word_1_173' title='bbox 853 2310 994 2373; x_wconf 81' lang='lat' dir='ltr'><strong>trahere.</strong></span> <span class='ocrx_word' id='word_1_174' title='bbox 1019 2309 1063 2371; x_wconf 81' lang='lat' dir='ltr'><strong>ts</strong></span> <span class='ocrx_word' id='word_1_175' title='bbox 1082 2328 1163 2374; x_wconf 82' lang='lat' dir='ltr'><strong>tero</strong></span> 
     </span>
     <span class='ocr_line' id='line_1_33' title="bbox 416 2409 1164 2488; baseline -0.007 -11"><span class='ocrx_word' id='word_1_176' title='bbox 416 2413 568 2478; x_wconf 85' lang='lat' dir='ltr'><strong>Damasci</strong></span> <span class='ocrx_word' id='word_1_177' title='bbox 593 2433 713 2476; x_wconf 86' lang='lat' dir='ltr'><strong>nomen</strong></span> <span class='ocrx_word' id='word_1_178' title='bbox 734 2412 896 2476; x_wconf 84' lang='lat' dir='ltr'><strong>Graecum</strong></span> <span class='ocrx_word' id='word_1_179' title='bbox 919 2433 984 2475; x_wconf 92' lang='lat' dir='ltr'><strong>non</strong></span> <span class='ocrx_word' id='word_1_180' title='bbox 1012 2425 1077 2488; x_wconf 87' lang='lat' dir='ltr'><strong>est,</strong></span> <span class='ocrx_word' id='word_1_181' title='bbox 1103 2409 1164 2473; x_wconf 81' lang='lat' dir='ltr'><strong>sed</strong></span> 
     </span>
     <span class='ocr_line' id='line_1_34' title="bbox 414 2511 1164 2602; baseline -0.008 -22"><span class='ocrx_word' id='word_1_182' title='bbox 414 2517 641 2602; x_wconf 67' lang='lat' dir='ltr'><strong>pervetustum</strong></span> <span class='ocrx_word' id='word_1_183' title='bbox 661 2513 881 2588; x_wconf 80' lang='lat' dir='ltr'><strong>Hebrsioum,</strong></span> <span class='ocrx_word' id='word_1_184' title='bbox 911 2533 984 2576; x_wconf 89' lang='lat' dir='ltr'><strong>cum</strong></span> <span class='ocrx_word' id='word_1_185' title='bbox 1007 2511 1164 2576; x_wconf 82' lang='lat' dir='ltr'><strong>insuerit</strong></span> 
     </span>
     <span class='ocr_line' id='line_1_35' title="bbox 414 2609 1162 2722; baseline -0.011 -42"><span class='ocrx_word' id='word_1_186' title='bbox 414 2615 561 2680; x_wconf 85' lang='lat' dir='ltr'><strong>literis</strong></span> <span class='ocrx_word' id='word_1_187' title='bbox 549 2633 615 2698; x_wconf 73' lang='lat' dir='ltr'><strong>pam</strong></span> <span class='ocrx_word' id='word_1_188' title='bbox 642 2613 769 2676; x_wconf 87' lang='lat' dir='ltr'><strong>dicatur</strong></span> <span class='ocrx_word' id='word_1_189' title='bbox 796 2623 925 2722; x_wconf 64' lang='lat' dir='ltr'><strong>pwm.</strong></span> <span class='ocrx_word' id='word_1_190' title='bbox 960 2612 1048 2706; x_wconf 80' lang='lat' dir='ltr'><strong>Quid</strong></span> <span class='ocrx_word' id='word_1_191' title='bbox 1076 2609 1162 2699; x_wconf 80' lang='lat' dir='ltr'><strong>quod</strong></span> 
     </span>
     <span class='ocr_line' id='line_1_36' title="bbox 418 2655 1163 2790; baseline -0.005 -10"><span class='ocrx_word' id='word_1_192' title='bbox 418 2721 518 2780; x_wconf 84' lang='lat' dir='ltr'><strong>durno</strong></span> <span class='ocrx_word' id='word_1_193' title='bbox 533 2715 671 2781; x_wconf 73' lang='lat' dir='ltr'><strong>verbum</strong></span> <span class='ocrx_word' id='word_1_194' title='bbox 690 2655 852 2777; x_wconf 76' lang='lat' dir='ltr'><strong>Graeciam</strong></span> <span class='ocrx_word' id='word_1_195' title='bbox 870 2733 935 2776; x_wconf 88' lang='lat' dir='ltr'><strong>non</strong></span> <span class='ocrx_word' id='word_1_196' title='bbox 953 2728 1017 2790; x_wconf 89' lang='lat' dir='ltr'><strong>est,</strong></span> <span class='ocrx_word' id='word_1_197' title='bbox 1039 2727 1073 2776; x_wconf 91' lang='lat' dir='ltr'><strong>et</strong></span> <span class='ocrx_word' id='word_1_198' title='bbox 1090 2734 1163 2778; x_wconf 80' lang='lat' dir='ltr'><strong>rer·</strong></span> 
     </span>
    </p>
   </div>
   <div class='ocr_carea' id='block_1_10' title="bbox 1220 2309 1935 2706">
    <p class='ocr_par' dir='ltr' id='par_1_13' title="bbox 1220 2309 1935 2706">
     <span class='ocr_line' id='line_1_37' title="bbox 1220 2309 1934 2396; baseline -0.008 -22"><span class='ocrx_word' id='word_1_199' title='bbox 1220 2331 1331 2374; x_wconf 88' lang='lat' dir='ltr'><strong>amnes</strong></span> <span class='ocrx_word' id='word_1_200' title='bbox 1345 2309 1431 2396; x_wconf 83' lang='lat' dir='ltr'><strong>apud</strong></span> <span class='ocrx_word' id='word_1_201' title='bbox 1440 2311 1637 2374; x_wconf 82' lang='lat' dir='ltr'><strong>Damascum</strong></span> <span class='ocrx_word' id='word_1_202' title='bbox 1653 2329 1733 2374; x_wconf 81' lang='lat' dir='ltr'><strong>seso</strong></span> <span class='ocrx_word' id='word_1_203' title='bbox 1746 2309 1934 2372; x_wconf 80' lang='lat' dir='ltr'><strong>remotissimo</strong></span> 
     </span>
     <span class='ocr_line' id='line_1_38' title="bbox 1220 2411 1933 2495; baseline -0.001 -21"><span class='ocrx_word' id='word_1_204' title='bbox 1220 2413 1254 2474; x_wconf 91' lang='lat' dir='ltr'><strong>in</strong></span> <span class='ocrx_word' id='word_1_205' title='bbox 1272 2413 1371 2476; x_wconf 76' lang='lat' dir='ltr'><strong>ueris</strong></span> <span class='ocrx_word' id='word_1_206' title='bbox 1383 2413 1505 2475; x_wconf 82' lang='lat' dir='ltr'><strong>litteris</strong></span> <span class='ocrx_word' id='word_1_207' title='bbox 1527 2426 1752 2477; x_wconf 77' lang='lat' dir='ltr'><strong>memorantur</strong></span> <span class='ocrx_word' id='word_1_208' title='bbox 1772 2417 1817 2495; x_wconf 67' lang='grc' dir='ltr'><strong>ο)ι</strong></span> <span class='ocrx_word' id='word_1_209' title='bbox 1839 2411 1933 2475; x_wconf 76' lang='lat' dir='ltr'><strong>Nonas</strong></span> 
     </span>
     <span class='ocr_line' id='line_1_39' title="bbox 1220 2512 1933 2596; baseline -0.007 -19"><span class='ocrx_word' id='word_1_210' title='bbox 1220 2516 1374 2577; x_wconf 82' lang='lat' dir='ltr'><strong>meliores</strong></span> <span class='ocrx_word' id='word_1_211' title='bbox 1394 2527 1473 2576; x_wconf 78' lang='lat' dir='ltr'><strong>sunt</strong></span> <span class='ocrx_word' id='word_1_212' title='bbox 1494 2513 1656 2576; x_wconf 82' lang='lat' dir='ltr'><strong>Amusscls</strong></span> <span class='ocrx_word' id='word_1_213' title='bbox 1675 2529 1708 2577; x_wconf 85' lang='lat' dir='ltr'><strong>et</strong></span> <span class='ocrx_word' id='word_1_214' title='bbox 1724 2517 1843 2596; x_wconf 80' lang='lat' dir='ltr'><strong>Perper</strong></span> <span class='ocrx_word' id='word_1_215' title='bbox 1848 2512 1933 2596; x_wconf 81' lang='lat' dir='ltr'><strong>flacii</strong></span> 
     </span>
     <span class='ocr_line' id='line_1_40' title="bbox 1221 2611 1935 2706; baseline -0.004 -29"><span class='ocrx_word' id='word_1_216' title='bbox 1221 2616 1386 2678; x_wconf 80' lang='lat' dir='ltr'><strong>Damasci</strong></span> <span class='ocrx_word' id='word_1_217' title='bbox 1399 2617 1552 2677; x_wconf 74' lang='lat' dir='ltr'><strong>omullus</strong></span> <span class='ocrx_word' id='word_1_218' title='bbox 1565 2619 1665 2693; x_wconf 73' lang='lat' dir='ltr'><strong>aquis</strong></span> <span class='ocrx_word' id='word_1_219' title='bbox 1680 2615 1834 2678; x_wconf 82' lang='lat' dir='ltr'><strong>Israelis?</strong></span> <span class='ocrx_word' id='word_1_220' title='bbox 1845 2611 1935 2706; x_wconf 77' lang='lat' dir='ltr'><strong>Quare</strong></span> 
     </span>
    </p>
   </div>
   <div class='ocr_carea' id='block_1_11' title="bbox 1216 2713 1934 2800">
    <p class='ocr_par' dir='ltr' id='par_1_14' title="bbox 1216 2713 1934 2800">
     <span class='ocr_line' id='line_1_41' title="bbox 1216 2713 1934 2800; baseline -0.013 -20"><span class='ocrx_word' id='word_1_221' title='bbox 1216 2730 1254 2780; x_wconf 83' lang='lat' dir='ltr'><strong>·et</strong></span> <span class='ocrx_word' id='word_1_222' title='bbox 1273 2719 1311 2778; x_wconf 89' lang='lat' dir='ltr'><strong>iu</strong></span> <span class='ocrx_word' id='word_1_223' title='bbox 1328 2735 1429 2778; x_wconf 82' lang='lat' dir='ltr'><strong>nomo</strong></span> <span class='ocrx_word' id='word_1_224' title='bbox 1451 2715 1613 2779; x_wconf 85' lang='lat' dir='ltr'><strong>Hereuuii</strong></span> <span class='ocrx_word' id='word_1_225' title='bbox 1639 2718 1731 2800; x_wconf 82' lang='lat' dir='ltr'><strong>apud·</strong></span> <span class='ocrx_word' id='word_1_226' title='bbox 1749 2713 1934 2779; x_wconf 85' lang='lat' dir='ltr'><strong>Peiieriuium</strong></span> 
     </span>
    </p>
   </div>
   <div class='ocr_carea' id='block_1_12' title="bbox 413 2810 2032 4524">
    <p class='ocr_par' dir='ltr' id='par_1_15' title="bbox 413 2810 2032 4524">
     <span class='ocr_line' id='line_1_42' title="bbox 413 2810 1938 2899; baseline -0.007 -17"><span class='ocrx_word' id='word_1_227' title='bbox 413 2821 495 2882; x_wconf 69' lang='lat' dir='ltr'><strong>bum</strong></span> <span class='ocrx_word' id='word_1_228' title='bbox 513 2815 619 2881; x_wconf 70' lang='lat' dir='ltr'><strong>adfine</strong></span> <span class='ocrx_word' id='word_1_229' title='bbox 640 2810 765 2899; x_wconf 69' lang='grc' dir='ltr'>δαμαλη</span> <span class='ocrx_word' id='word_1_230' title='bbox 782 2819 1012 2892; x_wconf 78' lang='lat' dir='ltr'><strong>nauticarum,</strong></span> <span class='ocrx_word' id='word_1_231' title='bbox 1030 2813 1089 2878; x_wconf 84' lang='lat' dir='ltr'><strong>sed</strong></span> <span class='ocrx_word' id='word_1_232' title='bbox 1107 2817 1164 2878; x_wconf 83' lang='lat' dir='ltr'><strong>bu·</strong></span> <span class='ocrx_word' id='word_1_233' title='bbox 1219 2819 1491 2882; x_wconf 82' lang='lat' dir='ltr'><strong>inframuiierem</strong></span> <span class='ocrx_word' id='word_1_234' title='bbox 1511 2817 1684 2882; x_wconf 86' lang='lat' dir='ltr'><strong>sedentem</strong></span> <span class='ocrx_word' id='word_1_235' title='bbox 1702 2811 1938 2881; x_wconf 81' lang='lat' dir='ltr'><strong>duosuutliorii</strong></span> 
     </span>
     <span class='ocr_line' id='line_1_43' title="bbox 418 2915 1936 3004; baseline -0.007 -20"><span class='ocrx_word' id='word_1_236' title='bbox 418 2921 546 2996; x_wconf 86' lang='lat' dir='ltr'><strong>culum,</strong></span> <span class='ocrx_word' id='word_1_237' title='bbox 573 2917 715 2982; x_wconf 82' lang='lat' dir='ltr'><strong>uitulum</strong></span> <span class='ocrx_word' id='word_1_238' title='bbox 734 2915 912 3001; x_wconf 69' lang='lat' dir='ltr'><strong>significat,</strong></span> <span class='ocrx_word' id='word_1_239' title='bbox 935 2915 1084 3002; x_wconf 83' lang='lat' dir='ltr'><strong>adeoque</strong></span> <span class='ocrx_word' id='word_1_240' title='bbox 1100 2917 1164 2980; x_wconf 89' lang='lat' dir='ltr'><strong>Da·</strong></span> <span class='ocrx_word' id='word_1_241' title='bbox 1220 2933 1430 3004; x_wconf 75' lang='lat' dir='ltr'><strong>emergentes</strong></span> <span class='ocrx_word' id='word_1_242' title='bbox 1444 2916 1487 3002; x_wconf 82' lang='lat' dir='ltr'><strong>d).</strong></span> <span class='ocrx_word' id='word_1_243' title='bbox 1504 2920 1579 2983; x_wconf 75' lang='lat' dir='ltr'><strong>Hae</strong></span> <span class='ocrx_word' id='word_1_244' title='bbox 1592 2919 1705 2985; x_wconf 79' lang='lat' dir='ltr'><strong>distuli</strong></span> <span class='ocrx_word' id='word_1_245' title='bbox 1717 2917 1936 3004; x_wconf 82' lang='lat' dir='ltr'><strong>eupiiottioussu</strong></span> 
     </span>
     <span class='ocr_line' id='line_1_44' title="bbox 414 3017 1938 3107; baseline -0.003 -21"><span class='ocrx_word' id='word_1_246' title='bbox 414 3041 545 3086; x_wconf 80' lang='lat' dir='ltr'><strong>maccus</strong></span> <span class='ocrx_word' id='word_1_247' title='bbox 557 3039 623 3083; x_wconf 88' lang='lat' dir='ltr'><strong>nou</strong></span> <span class='ocrx_word' id='word_1_248' title='bbox 638 3018 744 3102; x_wconf 91' lang='lat' dir='ltr'><strong>potuit</strong></span> <span class='ocrx_word' id='word_1_249' title='bbox 759 3037 879 3082; x_wconf 87' lang='lat' dir='ltr'><strong>nomen</strong></span> <span class='ocrx_word' id='word_1_250' title='bbox 894 3017 1025 3082; x_wconf 84' lang='lat' dir='ltr'><strong>trahere</strong></span> <span class='ocrx_word' id='word_1_251' title='bbox 1044 3018 1084 3082; x_wconf 81' lang='lat' dir='ltr'><strong>ab</strong></span> <span class='ocrx_word' id='word_1_252' title='bbox 1097 3020 1163 3082; x_wconf 85' lang='lat' dir='ltr'><strong>sni·</strong></span> <span class='ocrx_word' id='word_1_253' title='bbox 1220 3021 1311 3084; x_wconf 87' lang='lat' dir='ltr'><strong>numi</strong></span> <span class='ocrx_word' id='word_1_254' title='bbox 1329 3021 1448 3085; x_wconf 85' lang='lat' dir='ltr'><strong>Graeci</strong></span> <span class='ocrx_word' id='word_1_255' title='bbox 1468 3043 1541 3086; x_wconf 86' lang='lat' dir='ltr'><strong>com</strong></span> <span class='ocrx_word' id='word_1_256' title='bbox 1560 3023 1673 3107; x_wconf 68' lang='lat' dir='ltr'><strong>capite,</strong></span> <span class='ocrx_word' id='word_1_257' title='bbox 1686 3019 1836 3097; x_wconf 74' lang='lat' dir='ltr'><strong>Macrini,</strong></span> <span class='ocrx_word' id='word_1_258' title='bbox 1859 3033 1938 3102; x_wconf 77' lang='lat' dir='ltr'><strong>qoem</strong></span> 
     </span>
     <span class='ocr_line' id='line_1_45' title="bbox 417 3117 1937 3206; baseline -0.003 -19"><span class='ocrx_word' id='word_1_259' title='bbox 417 3123 496 3187; x_wconf 86' lang='lat' dir='ltr'><strong>maii</strong></span> <span class='ocrx_word' id='word_1_260' title='bbox 513 3123 547 3184; x_wconf 90' lang='lat' dir='ltr'><strong>iu</strong></span> <span class='ocrx_word' id='word_1_261' title='bbox 565 3140 664 3186; x_wconf 86' lang='lat' dir='ltr'><strong>numo</strong></span> <span class='ocrx_word' id='word_1_262' title='bbox 682 3119 826 3202; x_wconf 76' lang='lat' dir='ltr'><strong>signata,</strong></span> <span class='ocrx_word' id='word_1_263' title='bbox 850 3117 937 3204; x_wconf 84' lang='lat' dir='ltr'><strong>quoti</strong></span> <span class='ocrx_word' id='word_1_264' title='bbox 954 3118 1090 3202; x_wconf 84' lang='lat' dir='ltr'><strong>disparis</strong></span> <span class='ocrx_word' id='word_1_265' title='bbox 1109 3141 1163 3182; x_wconf 79' lang='lat' dir='ltr'><strong>na-</strong></span> <span class='ocrx_word' id='word_1_266' title='bbox 1221 3123 1323 3186; x_wconf 80' lang='lat' dir='ltr'><strong>stitit</strong></span> <span class='ocrx_word' id='word_1_267' title='bbox 1350 3123 1548 3186; x_wconf 83' lang='lat' dir='ltr'><strong>Peiieriuies</strong></span> <span class='ocrx_word' id='word_1_268' title='bbox 1574 3127 1615 3206; x_wconf 71' lang='lat'><strong>⁸).</strong></span> <span class='ocrx_word' id='word_1_269' title='bbox 1660 3127 1699 3187; x_wconf 87' lang='lat' dir='ltr'><strong>iu</strong></span> <span class='ocrx_word' id='word_1_270' title='bbox 1734 3125 1796 3188; x_wconf 86' lang='lat' dir='ltr'><strong>lscc</strong></span> <span class='ocrx_word' id='word_1_271' title='bbox 1826 3117 1937 3203; x_wconf 72' lang='lat' dir='ltr'><strong>uagitu</strong></span> 
     </span>
     <span class='ocr_line' id='line_1_46' title="bbox 414 3218 1940 3311; baseline -0.009 -23"><span class='ocrx_word' id='word_1_272' title='bbox 414 3239 510 3288; x_wconf 84' lang='lat' dir='ltr'><strong>turae</strong></span> <span class='ocrx_word' id='word_1_273' title='bbox 526 3237 580 3288; x_wconf 87' lang='lat' dir='ltr'><strong>ost</strong></span> <span class='ocrx_word' id='word_1_274' title='bbox 597 3223 666 3300; x_wconf 87' lang='lat' dir='ltr'><strong>iiii,</strong></span> <span class='ocrx_word' id='word_1_275' title='bbox 685 3220 773 3306; x_wconf 85' lang='lat' dir='ltr'><strong>quod</strong></span> <span class='ocrx_word' id='word_1_276' title='bbox 792 3221 883 3283; x_wconf 86' lang='lat' dir='ltr'><strong>urbis</strong></span> <span class='ocrx_word' id='word_1_277' title='bbox 901 3239 1021 3284; x_wconf 88' lang='lat' dir='ltr'><strong>nomen</strong></span> <span class='ocrx_word' id='word_1_278' title='bbox 1038 3221 1164 3306; x_wconf 87' lang='lat' dir='ltr'><strong>eloqui·</strong></span> <span class='ocrx_word' id='word_1_279' title='bbox 1220 3245 1330 3301; x_wconf 75' lang='lat' dir='ltr'><strong>mons,</strong></span> <span class='ocrx_word' id='word_1_280' title='bbox 1345 3243 1389 3288; x_wconf 73' lang='lat' dir='ltr'><strong>ex</strong></span> <span class='ocrx_word' id='word_1_281' title='bbox 1407 3243 1471 3303; x_wconf 77' lang='lat' dir='ltr'><strong>qua</strong></span> <span class='ocrx_word' id='word_1_282' title='bbox 1487 3227 1667 3311; x_wconf 65' lang='lat' dir='ltr'><strong>duoflum·</strong></span> <span class='ocrx_word' id='word_1_283' title='bbox 1684 3229 1868 3296; x_wconf 53' lang='lat' dir='ltr'><strong>decurrant,</strong></span> <span class='ocrx_word' id='word_1_284' title='bbox 1883 3218 1940 3294; x_wconf 78' lang='lat' dir='ltr'><strong>pai·</strong></span> 
     </span>
     <span class='ocr_line' id='line_1_47' title="bbox 416 3321 1938 3408; baseline -0.005 -17"><span class='ocrx_word' id='word_1_285' title='bbox 416 3342 481 3391; x_wconf 87' lang='lat' dir='ltr'><strong>tur.</strong></span> <span class='ocrx_word' id='word_1_286' title='bbox 509 3325 587 3388; x_wconf 89' lang='lat' dir='ltr'><strong>Dici</strong></span> <span class='ocrx_word' id='word_1_287' title='bbox 607 3335 733 3408; x_wconf 88' lang='lat' dir='ltr'><strong>posset,</strong></span> <span class='ocrx_word' id='word_1_288' title='bbox 760 3321 893 3384; x_wconf 82' lang='lat' dir='ltr'><strong>Latinos</strong></span> <span class='ocrx_word' id='word_1_289' title='bbox 913 3321 1005 3386; x_wconf 87' lang='lat' dir='ltr'><strong>urbis</strong></span> <span class='ocrx_word' id='word_1_290' title='bbox 1025 3322 1162 3386; x_wconf 89' lang='lat' dir='ltr'><strong>colonos</strong></span> <span class='ocrx_word' id='word_1_291' title='bbox 1219 3345 1282 3407; x_wconf 80' lang='lat' dir='ltr'><strong>qus</strong></span> <span class='ocrx_word' id='word_1_292' title='bbox 1309 3327 1355 3389; x_wconf 80' lang='lat' dir='ltr'><strong>ad</strong></span> <span class='ocrx_word' id='word_1_293' title='bbox 1380 3329 1452 3404; x_wconf 79' lang='lat' dir='ltr'><strong>ejus</strong></span> <span class='ocrx_word' id='word_1_294' title='bbox 1473 3328 1588 3408; x_wconf 84' lang='lat' dir='ltr'><strong>pedem</strong></span> <span class='ocrx_word' id='word_1_295' title='bbox 1620 3331 1776 3390; x_wconf 78' lang='lat' dir='ltr'><strong>sidentur</strong></span> <span class='ocrx_word' id='word_1_296' title='bbox 1799 3328 1834 3386; x_wconf 88' lang='lat' dir='ltr'><strong>in</strong></span> <span class='ocrx_word' id='word_1_297' title='bbox 1856 3337 1938 3380; x_wconf 82' lang='lat' dir='ltr'><strong>unum</strong></span> 
     </span>
     <span class='ocr_line' id='line_1_48' title="bbox 415 3419 2032 3514; baseline -0.006 -24"><span class='ocrx_word' id='word_1_298' title='bbox 415 3427 481 3493; x_wconf 82' lang='lat' dir='ltr'><strong>lucc</strong></span> <span class='ocrx_word' id='word_1_299' title='bbox 497 3441 575 3514; x_wconf 82' lang='lat' dir='ltr'><strong>typo</strong></span> <span class='ocrx_word' id='word_1_300' title='bbox 595 3425 708 3488; x_wconf 75' lang='grc' dir='ltr'>ᾱιιιιο</span> <span class='ocrx_word' id='word_1_301' title='bbox 733 3424 786 3490; x_wconf 81' lang='lat' dir='ltr'><strong>sei</strong></span> <span class='ocrx_word' id='word_1_302' title='bbox 809 3444 927 3487; x_wconf 81' lang='lat' dir='ltr'><strong>cereae</strong></span> <span class='ocrx_word' id='word_1_303' title='bbox 948 3443 1025 3487; x_wconf 91' lang='lat' dir='ltr'><strong>usos</strong></span> <span class='ocrx_word' id='word_1_304' title='bbox 1048 3445 1088 3488; x_wconf 88' lang='lat' dir='ltr'><strong>es</strong></span> <span class='ocrx_word' id='word_1_305' title='bbox 1111 3443 1163 3489; x_wconf 91' lang='lat' dir='ltr'><strong>so·</strong></span> <span class='ocrx_word' id='word_1_306' title='bbox 1219 3430 1318 3488; x_wconf 82' lang='lat' dir='ltr'><strong>coire.</strong></span> <span class='ocrx_word' id='word_1_307' title='bbox 1356 3425 1544 3491; x_wconf 76' lang='lat' dir='ltr'><strong>Secundum</strong></span> <span class='ocrx_word' id='word_1_308' title='bbox 1574 3427 1668 3492; x_wconf 83' lang='lat' dir='ltr'><strong>hunc</strong></span> <span class='ocrx_word' id='word_1_309' title='bbox 1693 3445 1825 3490; x_wconf 84' lang='lat' dir='ltr'><strong>numum</strong></span> <span class='ocrx_word' id='word_1_310' title='bbox 1852 3419 1941 3483; x_wconf 85' lang='lat' dir='ltr'><strong>Ptole·</strong></span> <span class='ocrx_word' id='word_1_311' title='bbox 2031 3425 2032 3460; x_wconf 81' lang='lat'>3</span> 
     </span>
     <span class='ocr_line' id='line_1_49' title="bbox 418 3521 1941 3606; baseline -0.005 -14"><span class='ocrx_word' id='word_1_312' title='bbox 418 3531 485 3594; x_wconf 85' lang='lat' dir='ltr'><strong>lusu</strong></span> <span class='ocrx_word' id='word_1_313' title='bbox 503 3529 545 3592; x_wconf 86' lang='lat' dir='ltr'><strong>de</strong></span> <span class='ocrx_word' id='word_1_314' title='bbox 560 3549 664 3604; x_wconf 84' lang='lat' dir='ltr'><strong>causa,</strong></span> <span class='ocrx_word' id='word_1_315' title='bbox 679 3537 715 3590; x_wconf 88' lang='lat' dir='ltr'><strong>ut</strong></span> <span class='ocrx_word' id='word_1_316' title='bbox 728 3525 769 3588; x_wconf 80' lang='lat' dir='ltr'><strong>sd</strong></span> <span class='ocrx_word' id='word_1_317' title='bbox 784 3523 872 3589; x_wconf 88' lang='lat' dir='ltr'><strong>urbis</strong></span> <span class='ocrx_word' id='word_1_318' title='bbox 890 3545 1010 3590; x_wconf 84' lang='lat' dir='ltr'><strong>nomeu</strong></span> <span class='ocrx_word' id='word_1_319' title='bbox 1027 3525 1161 3590; x_wconf 80' lang='lat' dir='ltr'><strong>adlude-</strong></span> <span class='ocrx_word' id='word_1_320' title='bbox 1217 3547 1343 3592; x_wconf 83' lang='lat' dir='ltr'><strong>macas:</strong></span> <span class='ocrx_word' id='word_1_321' title='bbox 1365 3549 1410 3590; x_wconf 72' lang='lat' dir='ltr'><strong>eu</strong></span> <span class='ocrx_word' id='word_1_322' title='bbox 1427 3530 1714 3592; x_wconf 80' lang='lat' dir='ltr'><strong>Damascenorum</strong></span> <span class='ocrx_word' id='word_1_323' title='bbox 1730 3521 1941 3606; x_wconf 79' lang='lat' dir='ltr'><strong>montilusflt·</strong></span> 
     </span>
     <span class='ocr_line' id='line_1_50' title="bbox 417 3619 1940 3714; baseline -0.01 -20"><span class='ocrx_word' id='word_1_324' title='bbox 417 3643 503 3696; x_wconf 86' lang='lat' dir='ltr'><strong>rent.</strong></span> <span class='ocrx_word' id='word_1_325' title='bbox 526 3631 652 3699; x_wconf 70' lang='lat' dir='ltr'><strong>Verum</strong></span> <span class='ocrx_word' id='word_1_326' title='bbox 671 3649 769 3693; x_wconf 83' lang='lat' dir='ltr'><strong>cerva</strong></span> <span class='ocrx_word' id='word_1_327' title='bbox 787 3627 851 3711; x_wconf 79' lang='lat' dir='ltr'><strong>jam</strong></span> <span class='ocrx_word' id='word_1_328' title='bbox 867 3625 1002 3710; x_wconf 78' lang='lat' dir='ltr'><strong>lingitur</strong></span> <span class='ocrx_word' id='word_1_329' title='bbox 1019 3625 1053 3688; x_wconf 90' lang='lat' dir='ltr'><strong>iu</strong></span> <span class='ocrx_word' id='word_1_330' title='bbox 1072 3641 1162 3690; x_wconf 84' lang='lat' dir='ltr'><strong>suto·</strong></span> <span class='ocrx_word' id='word_1_331' title='bbox 1216 3635 1292 3694; x_wconf 82' lang='lat' dir='ltr'><strong>vius</strong></span> <span class='ocrx_word' id='word_1_332' title='bbox 1317 3630 1547 3712; x_wconf 80' lang='lat' dir='ltr'><strong>Chryscrlsccs</strong></span> <span class='ocrx_word' id='word_1_333' title='bbox 1568 3631 1769 3714; x_wconf 81' lang='lat' dir='ltr'><strong>appellatus.</strong></span> <span class='ocrx_word' id='word_1_334' title='bbox 1800 3623 1896 3688; x_wconf 76' lang='lat' dir='ltr'><strong>Flavii</strong></span> <span class='ocrx_word' id='word_1_335' title='bbox 1914 3619 1940 3680; x_wconf 84' lang='lat' dir='ltr'><strong>tt</strong></span> 
     </span>
     <span class='ocr_line' id='line_1_51' title="bbox 418 3723 1939 3814; baseline -0.009 -18"><span class='ocrx_word' id='word_1_336' title='bbox 418 3751 520 3799; x_wconf 85' lang='lat' dir='ltr'><strong>nomo</strong></span> <span class='ocrx_word' id='word_1_337' title='bbox 542 3729 783 3806; x_wconf 86' lang='lat' dir='ltr'><strong>Pelleriuisno,</strong></span> <span class='ocrx_word' id='word_1_338' title='bbox 813 3741 847 3791; x_wconf 87' lang='lat' dir='ltr'><strong>et</strong></span> <span class='ocrx_word' id='word_1_339' title='bbox 873 3728 937 3792; x_wconf 86' lang='lat' dir='ltr'><strong>aiio</strong></span> <span class='ocrx_word' id='word_1_340' title='bbox 962 3728 1048 3813; x_wconf 83' lang='lat' dir='ltr'><strong>apud</strong></span> <span class='ocrx_word' id='word_1_341' title='bbox 1069 3729 1164 3792; x_wconf 86' lang='lat' dir='ltr'><strong>Nori·</strong></span> <span class='ocrx_word' id='word_1_342' title='bbox 1217 3731 1254 3792; x_wconf 87' lang='lat' dir='ltr'><strong>iu</strong></span> <span class='ocrx_word' id='word_1_343' title='bbox 1282 3730 1395 3814; x_wconf 87' lang='lat' dir='ltr'><strong>plures</strong></span> <span class='ocrx_word' id='word_1_344' title='bbox 1424 3723 1506 3794; x_wconf 84' lang='lat' dir='ltr'><strong>secti</strong></span> <span class='ocrx_word' id='word_1_345' title='bbox 1531 3729 1664 3795; x_wconf 81' lang='lat' dir='ltr'><strong>canales</strong></span> <span class='ocrx_word' id='word_1_346' title='bbox 1696 3742 1732 3794; x_wconf 89' lang='lat' dir='ltr'><strong>et</strong></span> <span class='ocrx_word' id='word_1_347' title='bbox 1761 3725 1939 3792; x_wconf 76' lang='lat' dir='ltr'><strong>fertilitatem</strong></span> 
     </span>
     <span class='ocr_line' id='line_1_52' title="bbox 415 3827 1943 3918; baseline -0.003 -22"><span class='ocrx_word' id='word_1_348' title='bbox 415 3833 510 3897; x_wconf 74' lang='lat' dir='ltr'><strong>sium</strong></span> <span class='ocrx_word' id='word_1_349' title='bbox 527 3833 576 3914; x_wconf 81' lang='lat'><strong>⁸),</strong></span> <span class='ocrx_word' id='word_1_350' title='bbox 610 3831 666 3915; x_wconf 82' lang='lat' dir='ltr'><strong>qui</strong></span> <span class='ocrx_word' id='word_1_351' title='bbox 690 3830 893 3894; x_wconf 85' lang='lat' dir='ltr'><strong>coloniarum</strong></span> <span class='ocrx_word' id='word_1_352' title='bbox 922 3830 1029 3893; x_wconf 81' lang='lat' dir='ltr'><strong>numia</strong></span> <span class='ocrx_word' id='word_1_353' title='bbox 1059 3829 1162 3892; x_wconf 87' lang='lat' dir='ltr'><strong>muita</strong></span> <span class='ocrx_word' id='word_1_354' title='bbox 1219 3851 1299 3916; x_wconf 76' lang='lat' dir='ltr'><strong>agro</strong></span> <span class='ocrx_word' id='word_1_355' title='bbox 1317 3833 1523 3896; x_wconf 83' lang='lat' dir='ltr'><strong>Damasceno</strong></span> <span class='ocrx_word' id='word_1_356' title='bbox 1550 3831 1768 3918; x_wconf 79' lang='lat' dir='ltr'><strong>singularem,</strong></span> <span class='ocrx_word' id='word_1_357' title='bbox 1798 3841 1830 3892; x_wconf 90' lang='lat' dir='ltr'><strong>et</strong></span> <span class='ocrx_word' id='word_1_358' title='bbox 1852 3827 1943 3908; x_wconf 78' lang='lat' dir='ltr'><strong>jucun·</strong></span> 
     </span>
     <span class='ocr_line' id='line_1_53' title="bbox 417 3923 1942 4034; baseline -0.005 -38"><span class='ocrx_word' id='word_1_359' title='bbox 417 3947 492 3996; x_wconf 86' lang='lat' dir='ltr'><strong>sunt</strong></span> <span class='ocrx_word' id='word_1_360' title='bbox 503 3953 643 4014; x_wconf 75' lang='lat' dir='ltr'><strong>putores</strong></span> <span class='ocrx_word' id='word_1_361' title='bbox 666 3933 726 3995; x_wconf 85' lang='lat' dir='ltr'><strong>Est</strong></span> <span class='ocrx_word' id='word_1_362' title='bbox 743 3951 824 4016; x_wconf 82' lang='lat' dir='ltr'><strong>ergo</strong></span> <span class='ocrx_word' id='word_1_363' title='bbox 841 3931 1162 4016; x_wconf 75' lang='lat' dir='ltr'><strong>argumentissrscei.</strong></span> <span class='ocrx_word' id='word_1_364' title='bbox 1219 3935 1353 4000; x_wconf 82' lang='lat' dir='ltr'><strong>ditatam</strong></span> <span class='ocrx_word' id='word_1_365' title='bbox 1374 3933 1606 3998; x_wconf 85' lang='lat' dir='ltr'><strong>conciliavere.</strong></span> <span class='ocrx_word' id='word_1_366' title='bbox 1635 3933 1752 4034; x_wconf 79' lang='lat' dir='ltr'><strong>Quare</strong></span> <span class='ocrx_word' id='word_1_367' title='bbox 1772 3923 1923 3994; x_wconf 72' lang='lat' dir='ltr'><strong>lulianus</strong></span> <span class='ocrx_word' id='word_1_368' title='bbox 1914 3943 1942 3984; x_wconf 89' lang='grc' dir='ltr'><strong>ιι</strong></span> 
     </span>
     <span class='ocr_line' id='line_1_54' title="bbox 417 4025 1942 4120; baseline -0.003 -26"><span class='ocrx_word' id='word_1_369' title='bbox 417 4035 484 4096; x_wconf 83' lang='lat' dir='ltr'><strong>iarn</strong></span> <span class='ocrx_word' id='word_1_370' title='bbox 509 4051 590 4096; x_wconf 82' lang='lat' dir='ltr'><strong>vero</strong></span> <span class='ocrx_word' id='word_1_371' title='bbox 616 4031 764 4096; x_wconf 80' lang='lat' dir='ltr'><strong>sitiemus</strong></span> <span class='ocrx_word' id='word_1_372' title='bbox 781 4033 1055 4098; x_wconf 83' lang='lat' dir='ltr'><strong>enudemoervse</strong></span> <span class='ocrx_word' id='word_1_373' title='bbox 1072 4033 1163 4118; x_wconf 80' lang='lat' dir='ltr'><strong>puci-</strong></span> <span class='ocrx_word' id='word_1_374' title='bbox 1217 4033 1345 4098; x_wconf 79' lang='lat' dir='ltr'><strong>laudata</strong></span> <span class='ocrx_word' id='word_1_375' title='bbox 1372 4035 1511 4119; x_wconf 77' lang='lat' dir='ltr'><strong>epistole</strong></span> <span class='ocrx_word' id='word_1_376' title='bbox 1541 4035 1631 4100; x_wconf 85' lang='lat' dir='ltr'><strong>iuter</strong></span> <span class='ocrx_word' id='word_1_377' title='bbox 1658 4035 1792 4120; x_wconf 83' lang='lat' dir='ltr'><strong>reliqua</strong></span> <span class='ocrx_word' id='word_1_378' title='bbox 1817 4025 1942 4095; x_wconf 79' lang='lat' dir='ltr'><strong>encomia</strong></span> 
     </span>
     <span class='ocr_line' id='line_1_55' title="bbox 416 4131 1946 4223; baseline 0.001 -26"><span class='ocrx_word' id='word_1_379' title='bbox 416 4135 487 4197; x_wconf 89' lang='lat' dir='ltr'><strong>ium</strong></span> <span class='ocrx_word' id='word_1_380' title='bbox 516 4132 664 4196; x_wconf 84' lang='lat' dir='ltr'><strong>iactantis</strong></span> <span class='ocrx_word' id='word_1_381' title='bbox 693 4147 802 4217; x_wconf 79' lang='lat' dir='ltr'><strong>typum</strong></span> <span class='ocrx_word' id='word_1_382' title='bbox 830 4133 866 4198; x_wconf 90' lang='lat' dir='ltr'><strong>in</strong></span> <span class='ocrx_word' id='word_1_383' title='bbox 894 4135 999 4198; x_wconf 85' lang='lat' dir='ltr'><strong>nausis</strong></span> <span class='ocrx_word' id='word_1_384' title='bbox 1026 4137 1160 4220; x_wconf 70' lang='lat' dir='ltr'><strong>Tegeae</strong></span> <span class='ocrx_word' id='word_1_385' title='bbox 1215 4156 1291 4200; x_wconf 89' lang='lat' dir='ltr'><strong>eum</strong></span> <span class='ocrx_word' id='word_1_386' title='bbox 1316 4135 1524 4212; x_wconf 80' lang='lat' dir='ltr'><strong>commendat</strong></span> <span class='ocrx_word' id='word_1_387' title='bbox 1549 4135 1647 4222; x_wconf 85' lang='lat' dir='ltr'><strong>etiam</strong></span> <span class='ocrx_word' id='word_1_388' title='bbox 1671 4157 1691 4200; x_wconf 82' lang='lat' dir='ltr'><strong>s</strong></span> <span class='ocrx_word' id='word_1_389' title='bbox 1713 4155 1820 4223; x_wconf 68' lang='lat' dir='ltr'><strong>scapos</strong></span> <span class='ocrx_word' id='word_1_390' title='bbox 1841 4131 1946 4216; x_wconf 61' lang='lat' dir='ltr'><strong>cipiet</strong></span> 
     </span>
     <span class='ocr_line' id='line_1_56' title="bbox 416 4232 1945 4326; baseline -0.002 -28"><span class='ocrx_word' id='word_1_391' title='bbox 416 4233 588 4307; x_wconf 76' lang='lat' dir='ltr'><strong>stt-estias,</strong></span> <span class='ocrx_word' id='word_1_392' title='bbox 605 4253 702 4316; x_wconf 65' lang='grc' dir='ltr'>(ιιιιιι</span> <span class='ocrx_word' id='word_1_393' title='bbox 718 4234 856 4298; x_wconf 79' lang='lat' dir='ltr'><strong>diximus</strong></span> <span class='ocrx_word' id='word_1_394' title='bbox 874 4255 948 4299; x_wconf 91' lang='lat' dir='ltr'><strong>esse</strong></span> <span class='ocrx_word' id='word_1_395' title='bbox 963 4237 1159 4319; x_wconf 76' lang='lat' dir='ltr'><strong>Telephum,</strong></span> <span class='ocrx_word' id='word_1_396' title='bbox 1214 4261 1264 4300; x_wconf 80' lang='lat' dir='ltr'><strong>eas</strong></span> <span class='ocrx_word' id='word_1_397' title='bbox 1284 4259 1425 4323; x_wconf 71' lang='lat' dir='ltr'><strong>scrupos</strong></span> <span class='ocrx_word' id='word_1_398' title='bbox 1439 4239 1572 4314; x_wconf 72' lang='grc' dir='ltr'>πληθι,</span> <span class='ocrx_word' id='word_1_399' title='bbox 1588 4259 1638 4300; x_wconf 82' lang='lat' dir='ltr'><strong>sat</strong></span> <span class='ocrx_word' id='word_1_400' title='bbox 1651 4261 1719 4326; x_wconf 69' lang='lat' dir='ltr'><strong>appa</strong></span> <span class='ocrx_word' id='word_1_401' title='bbox 1731 4232 1945 4318; x_wconf 54' lang='lat' dir='ltr'><strong>ispaprfflou·</strong></span> 
     </span>
     <span class='ocr_line' id='line_1_57' title="bbox 416 4331 1946 4423; baseline -0.006 -23"><span class='ocrx_word' id='word_1_402' title='bbox 416 4335 461 4400; x_wconf 72' lang='lat' dir='ltr'><strong>de</strong></span> <span class='ocrx_word' id='word_1_403' title='bbox 478 4335 569 4416; x_wconf 87' lang='lat' dir='ltr'><strong>cujus</strong></span> <span class='ocrx_word' id='word_1_404' title='bbox 585 4331 693 4400; x_wconf 83' lang='lat' dir='ltr'><strong>fabula</strong></span> <span class='ocrx_word' id='word_1_405' title='bbox 711 4351 846 4402; x_wconf 82' lang='lat' dir='ltr'><strong>constat.</strong></span> <span class='ocrx_word' id='word_1_406' title='bbox 866 4338 906 4398; x_wconf 82' lang='lat' dir='ltr'><strong>si</strong></span> <span class='ocrx_word' id='word_1_407' title='bbox 924 4335 1069 4400; x_wconf 77' lang='lat' dir='ltr'><strong>audimus</strong></span> <span class='ocrx_word' id='word_1_408' title='bbox 1087 4337 1161 4402; x_wconf 82' lang='lat' dir='ltr'><strong>Ste-</strong></span> <span class='ocrx_word' id='word_1_409' title='bbox 1216 4343 1301 4404; x_wconf 84' lang='lat' dir='ltr'><strong>tium</strong></span> <span class='ocrx_word' id='word_1_410' title='bbox 1315 4343 1535 4418; x_wconf 83' lang='lat' dir='ltr'><strong>amoenitate,</strong></span> <span class='ocrx_word' id='word_1_411' title='bbox 1550 4339 1740 4423; x_wconf 74' lang='lat' dir='ltr'><strong>fluviorum</strong></span> <span class='ocrx_word' id='word_1_412' title='bbox 1757 4355 1898 4408; x_wconf 79' lang='lat' dir='ltr'><strong>numero,</strong></span> <span class='ocrx_word' id='word_1_413' title='bbox 1919 4341 1946 4391; x_wconf 88' lang='lat' dir='ltr'><strong>st</strong></span> 
     </span>
     <span class='ocr_line' id='line_1_58' title="bbox 416 4433 1945 4524; baseline 0.002 -27"><span class='ocrx_word' id='word_1_414' title='bbox 416 4435 575 4520; x_wconf 82' lang='lat' dir='ltr'><strong>phanum,</strong></span> <span class='ocrx_word' id='word_1_415' title='bbox 599 4437 775 4502; x_wconf 87' lang='lat' dir='ltr'><strong>Damascus</strong></span> <span class='ocrx_word' id='word_1_416' title='bbox 795 4439 954 4512; x_wconf 73' lang='lat' dir='ltr'><strong>Mercurii</strong></span> <span class='ocrx_word' id='word_1_417' title='bbox 975 4439 1013 4500; x_wconf 86' lang='lat' dir='ltr'><strong>F.</strong></span> <span class='ocrx_word' id='word_1_418' title='bbox 1036 4438 1076 4503; x_wconf 87' lang='lat' dir='ltr'><strong>ab</strong></span> <span class='ocrx_word' id='word_1_419' title='bbox 1099 4447 1161 4504; x_wconf 81' lang='lat' dir='ltr'><strong>Ar·</strong></span> <span class='ocrx_word' id='word_1_420' title='bbox 1216 4453 1324 4506; x_wconf 81' lang='lat' dir='ltr'><strong>terras</strong></span> <span class='ocrx_word' id='word_1_421' title='bbox 1340 4443 1501 4506; x_wconf 79' lang='lat' dir='ltr'><strong>abertate.</strong></span> <span class='ocrx_word' id='word_1_422' title='bbox 1532 4441 1608 4504; x_wconf 81' lang='lat' dir='ltr'><strong>iure</strong></span> <span class='ocrx_word' id='word_1_423' title='bbox 1628 4437 1734 4524; x_wconf 78' lang='lat' dir='ltr'><strong>igitur</strong></span> <span class='ocrx_word' id='word_1_424' title='bbox 1756 4433 1945 4502; x_wconf 72' lang='lat' dir='ltr'><strong>membsuus</strong></span> 
     </span>
    </p>
   </div>
   <div class='ocr_carea' id='block_1_13' title="bbox 1219 681 2032 3546">
    <p class='ocr_par' dir='ltr' id='par_1_16' title="bbox 1219 57 2032 3546">
     <span class='ocr_line' id='line_1_59' title="bbox 1219 681 1919 768; baseline 0.006 -18"><span class='ocrx_word' id='word_1_425' title='bbox 1219 685 1309 751; x_wconf 86' lang='lat' dir='ltr'><strong>cusiis</strong></span> <span class='ocrx_word' id='word_1_426' title='bbox 1328 681 1361 745; x_wconf 90' lang='lat' dir='ltr'><strong>iu</strong></span> <span class='ocrx_word' id='word_1_427' title='bbox 1381 681 1509 768; x_wconf 76' lang='lat' dir='ltr'><strong>syriens-</strong></span> <span class='ocrx_word' id='word_1_428' title='bbox 1531 684 1667 747; x_wconf 81' lang='lat' dir='ltr'><strong>venicus</strong></span> <span class='ocrx_word' id='word_1_429' title='bbox 1690 683 1793 750; x_wconf 79' lang='lat' dir='ltr'><strong>arbem</strong></span> <span class='ocrx_word' id='word_1_430' title='bbox 1815 691 1856 754; x_wconf 90' lang='lat' dir='ltr'><strong>tui</strong></span> <span class='ocrx_word' id='word_1_431' title='bbox 1875 714 1919 760; x_wconf 84' lang='lat' dir='ltr'><strong>ns·</strong></span> 
     </span>
     <span class='ocr_line' id='line_1_60' title="bbox 2031 3381 2032 3418; baseline 0 0"><span class='ocrx_word' id='word_1_432' title='bbox 2031 3381 2032 3418; x_wconf 80' lang='lat' dir='ltr'><strong>i</strong></span> 
     </span>
     <span class='ocr_line' id='line_1_61' title="bbox 2031 3461 2032 3496; baseline 0 0"><span class='ocrx_word' id='word_1_433' title='bbox 2031 3461 2032 3496; x_wconf 80' lang='lat' dir='ltr'><strong>i</strong></span> 
     </span>
     <span class='ocr_line' id='line_1_62' title="bbox 2031 3497 2032 3546; baseline 0 0"><span class='ocrx_word' id='word_1_434' title='bbox 2031 3497 2032 3546; x_wconf 77' lang='lat' dir='ltr'><strong>t</strong></span> 
     </span>
    </p>
   </div>
   <div class='ocr_carea' id='block_1_14' title="bbox 350 4653 1944 4824">
    <p class='ocr_par' dir='ltr' id='par_1_17' title="bbox 350 4653 1944 4824">
     <span class='ocr_line' id='line_1_63' title="bbox 350 4653 1944 4822; baseline -0.061 -13"><span class='ocrx_word' id='word_1_435' title='bbox 350 4671 360 4678; x_wconf 35' lang='grc'><strong>“</strong></span> <span class='ocrx_word' id='word_1_436' title='bbox 412 4657 788 4822; x_wconf 32' lang='lat' dir='ltr'><strong>ffpssrspooawpn</strong></span> <span class='ocrx_word' id='word_1_437' title='bbox 886 4664 924 4738; x_wconf 51' lang='grc' dir='ltr'><strong>Β)</strong></span> <span class='ocrx_word' id='word_1_438' title='bbox 944 4667 1071 4725; x_wconf 61' lang='lat'><strong>&#39;³¹⁰³</strong></span> <span class='ocrx_word' id='word_1_439' title='bbox 1082 4668 1132 4726; x_wconf 82' lang='lat'><strong>¹¹¹</strong></span> <span class='ocrx_word' id='word_1_440' title='bbox 1147 4671 1210 4734; x_wconf 81' lang='lat'><strong>⁶³⁰</strong></span> <span class='ocrx_word' id='word_1_441' title='bbox 1300 4667 1566 4796; x_wconf 62' lang='lat' dir='ltr'><strong>elfleswfs</strong></span> <span class='ocrx_word' id='word_1_442' title='bbox 1660 4653 1944 4740; x_wconf 41' lang='lat' dir='ltr'><strong>upatcfflrtpvu</strong></span> 
     </span>
     <span class='ocr_line' id='line_1_64' title="bbox 538 4763 621 4824; baseline 0.012 -22"><span class='ocrx_word' id='word_1_443' title='bbox 538 4763 621 4824; x_wconf 87' lang='lat' dir='ltr'><strong>resp</strong></span> 
     </span>
    </p>
   </div>
   <div class='ocr_carea' id='block_1_15' title="bbox 0 0 2088 5454">
    <p class='ocr_par' dir='ltr' id='par_1_18' title="bbox 0 0 2088 5454">
     <span class='ocr_line' id='line_1_65' title="bbox 0 0 2088 5454; baseline 0 0"><span class='ocrx_word' id='word_1_444' title='bbox 0 0 2088 5454; x_wconf 95' lang='lat' dir='ltr'><strong> </strong></span> 
     </span>
    </p>
   </div>
  </div>
 </body>
</html>
