4160 5454
446 553 518 630 sot
566 573 569 582 ·
933 527 1135 604 uncus
1168 505 1500 602 sensuras,

449 718 546 800 cipue
568 731 610 775 es
631 709 758 793 cupite,
782 700 875 790 quod
894 701 1114 783 Commagena
1138 717 1191 760 os·
1246 709 1282 760 ut
1305 695 1488 761 observavit
1513 693 1555 778 de
1576 695 1679 760 Bosa.
1710 697 1748 760 11.
1764 697 1856 784 caput
1873 703 1945 786 juve.
2044 703 2045 712 2

449 837 513 903 que
535 815 575 878 ad
591 807 788 874 Antiochum
803 805 890 867 lllll.
909 823 1072 886 nunquam
1096 823 1114 862 a
1139 817 1191 861 re·
1245 799 1313 864 nile
1342 798 1501 862 radiatum
1537 797 1572 857 in
1603 817 1700 861 numo
1732 799 1844 879 altero,
1876 805 1947 887 quod

450 939 515 1004 gno
545 911 792 979 Seleucidarum
818 907 927 973 avulsa
955 903 1025 966 fuit.
1066 897 1190 963 Altaria
1247 901 1358 967 verius
1380 897 1579 982 caput'Solis
1596 897 1740 976 ridetur,
1765 921 1848 986 quam
1866 907 1946 989 regia
2044 893 2045 900 ἵ

449 1018 569 1084 deinde
586 1011 802 1099 conjecturis,
826 1023 922 1094 atque
944 1005 984 1069 iis
1003 1015 1095 1068 certe
1111 1001 1193 1064 mul·
1228 1005 1303 1068 Jll.
1321 1005 1358 1064 ln
1375 1000 1494 1067 eodem
1507 999 1671 1083 subjectae
1688 996 1798 1067 literae
1806 999 1871 1086 ΓΛ,
1879 987 1944 1092 qaae
2044 993 2045 1026 ³

446 1139 481 1186 to
496 1114 730 1183 infirmioribus
747 1111 937 1185 arbitratur,
957 1109 1089 1170 Samum
1104 1105 1191 1168 hunc
1245 1103 1447 1170 hauddubie
1464 1115 1577 1168 notant
1594 1123 1694 1166 anuos
1712 1103 1810 1188 regni.

450 1221 592 1286 eundem
623 1237 696 1282 esse
728 1235 801 1278 cum
832 1215 954 1275 Soemo
987 1209 1128 1270 Emesae
1158 1217 1192 1268 et
1861 1195 1867 1202 '

452 1323 623 1408 Sophenes
648 1317 823 1381 Armeniae
847 1331 929 1394 rege
945 1357 954 1388 ,
973 1309 1045 1394 ·qui
1069 1309 1193 1390 Vespa·

448 1425 546 1487 siano
565 1421 696 1504 utrique
724 1418 758 1479 in
782 1415 872 1479 bello
893 1411 1023 1476 ludaico
1049 1409 1194 1495 praecla-

450 1547 521 1589 ram
548 1542 682 1606 operam
710 1517 870 1593 navarit,
887 1529 921 1579 et
942 1513 1033 1602 cujus
1060 1529 1192 1586 nomen.
1316 1511 1424 1594 Caput
1455 1515 1543 1594 ragis
1563 1507 1719 1591 'juvenile
1748 1513 1831 1571 tiara
1860 1513 1952 1571 conica
2044 1497 2045 1508 ¹

453 1641 491 1692 ut
512 1625 603 1691 varie
627 1618 712 1704 apud
735 1632 865 1683 veteres
888 1615 1045 1698 scriptum
1067 1611 1194 1695 reperi·
1247 1613 1439 1675 diademata
1458 1627 1600 1688 tectum,
1623 1624 1658 1673 et
1680 1611 1723 1672 art
1741 1611 1840 1692 ipsum
1856 1609 1954 1670 collum

452 1743 525 1804 tur,
554 1725 601 1788 sic
636 1721 723 1785 forte
754 1718 895 1794 rectius,
923 1714 1062 1798 perinde
1092 1731 1131 1775 ac
1158 1711 1192 1774 in
1249 1715 1402 1776 demissa.
1425 1707 1649 1776 :t‘BAZIAE
1666 1744 1708 1760 ··
1726 1705 1954 1773 ultumos--
2044 1700 2045 1712 ¹

451 1837 756 1924 praesentelnumo,
773 1817 886 1903 Σαμος
900 1812 1194 1880 seribendumiue-
1250 1807 1382 1877 ΦΙΛΟ.
1417 1815 1521 1878 Clara
1539 1817 1631 1877 intre
1648 1815 1804 1876 lauream.
1837 1809 1896 1870 ΑΕ.
1911 1811 1954 1873 lll.

451 1947 511 1996 rat.
540 1929 614 1992 Non
633 1923 780 1988 deseruit
799 1940 926 1985 causam
942 1919 1118 2000 Belleyns,
1140 1933 1194 1998 ag·
1251 1917 1379 2000 (Beger
1395 1917 1493 1978 Thes.
1513 1917 1569 1979 Br.
1586 1915 1624 1974 T.
1640 1913 1695 1974 111.
1715 1929 1746 1992 p.
1758 1911 1787 1974 ll.
1808 1909 1955 1993 Spanhaim
2044 1933 2045 1936 ¹

452 2051 584 2118 gressus
611 2025 839 2090 dissertatione
862 2021 983 2096 alters,
1012 2037 1095 2102 quae
1117 2035 1194 2078 mox
1252 2020 1292 2084 T.
1310 2019 1335 2084 1.
1366 2040 1398 2102 p.
1414 2019 1502 2098 482.)

454 2129 689 2215 consequitur,
718 2125 808 2209 prius
845 2122 931 2185 diota
961 2119 1127 2194 stabilire,
1160 2129 1195 2178 et
1317 2121 1426 2202 capua
1447 2118 1567 2182 simite,
1590 2102 1955 2174 aeBAZmEstmn:
2044 2109 2045 2138 2

454 2230 632 2301 adversarii
662 2225 867 2309 conjecturae
898 2233 1065 2287 evertere.
1104 2215 1194 2280 Istud
1237 2197 1515 2282 ’ΘΡΑΔΑΤΟὮ
1533 2205 1838 2278 ΚΑΛΛΙΝΙΚΟΤ.
1856 2209 1956 2272 Pallas.

327 2343 329 2348 ’
455 2355 531 2402 sane
561 2333 650 2396 iuter
674 2327 737 2392 alia
768 2349 787 2389 a
813 2325 862 2388 Cl.
894 2320 936 2384 de
962 2323 1054 2386 Bone
1088 2319 1193 2383 minus
1249 2323 1396 2399 (Messon
1427 2341 1477 2404 ap.
1512 2319 1628 2400 Haym.
1663 2315 1738 2377 T.l.
1763 2329 1871 2397 pstq.
1896 2305 1955 2372 'edit
2044 2313 2045 2344 ³

454 2435 627 2505 commode
655 2429 783 2494 adserta
809 2423 1073 2506 intempestivum
1102 2440 1197 2506 pror·
1251 2421 1410 2503 vindob.)
2042 2412 2043 2432 ³

454 2563 529 2616 sus,
560 2532 649 2620 qnod
683 2549 818 2628 numum
856 2529 891 2587 in
921 2524 1196 2606 Vespasianorum
1310 2525 1460 2606 Begerra
1477 2533 1510 2584 et
1525 2516 1742 2603 spanhemius
1758 2509 1957 2594 nnmnmprio·

1419 1343 1804 1406 tttTHRtnaTES.
1839 1423 1845 1438 Ι

453 2658 604 2722 tempora
628 2629 800 2705 detrudat,
830 2645 927 2712 quem
951 2622 1103 2687 adsuetus
1132 2637 1196 2688 tra.

454 2741 579 2806 olandia
599 2734 705 2798 numia
722 2729 836 2795 oculus
862 2727 968 2811 primo
987 2739 1121 2809 aspectu
1142 2745 1194 2788 ae.

328 2853 331 2864 '
453 2845 512 2906 tati
528 2835 682 2904 Antiochi
697 2837 752 2901 lt.
774 2832 919 2915 adfigere
941 2845 1006 2890 non
1024 2825 1193 2914 dubitabit,

454 2949 534 3008 Post
560 2943 621 3004 hos
649 2935 835 3000 Frliliohius
864 2933 996 2995 Samum
1033 2928 1195 3014 quendam

360 3033 362 3038 ¹
457 3043 662 3126 Chrysogoni
678 3041 734 3116 R,
762 3057 859 3121 quem
879 3031 1035 3112 Polybius
1062 3051 1196 3115 sugges·

456 3161 557 3221 serat,
582 3141 717 3206 eruditis
735 3138 852 3201 obtulit
867 3139 906 3217 ¹).
929 3137 1021 3218 Ergo
1037 3147 1111 3220 post
1128 3153 1195 3198 om-

455 3271 515 3314 nes
544 3249 603 3309 hos
633 3245 778 3304 virorum
800 3238 1031 3323 praestantium
1062 3248 1195 3298 conatus

457 3349 545 3415 aliud
559 3367 623 3409 non
641 3359 810 3419 tenemus,
833 3361 927 3426 quam
946 3339 1048 3400 luisse
1063 3335 1195 3398 Samum

457 3453 597 3535 aliquem
608 3445 780 3508 Armeniae
794 3463 925 3526 regem,
941 3454 974 3504 et
989 3437 1120 3521 quidem
1133 3437 1194 3502 oir-

458 3575 530 3618 cusn
544 3567 693 3634 tempora
707 3545 860 3608 Antiochi
876 3545 931 3612 IV.

521 3648 734 3718 Obseruantia
756 3647 861 3710 adhuc
882 3646 923 3709 ad
945 3645 1004 3706 hoa
1026 3641 1121 3704 Sami·
1137 3663 1195 3704 nu·

408 3797 411 3802 -
458 3778 529 3823 mos
552 3759 576 3818 1.
598 3753 685 3816 tituli
708 3739 999 3812 ΘΕΟΣΕΒΟΤΣ.
1021 3745 1115 3808 ΚΑΙ.
1139 3742 1198 3805 ΔΙ-

458 3855 613 3922 ΚΑῙΟΤ.
656 3855 785 3916 Horum
812 3851 895 3914 alter
920 3867 961 3910 cx
984 3867 1100 3929 regum
1121 3847 1199 3910 Par·

461 3961 548 4022 thiae
585 3955 691 4018 nnmis
733 3951 861 4016 abunde
898 3951 1070 4034 cognitus,
1106 3949 1197 4031 prior

447 4048 763 4146 emelim,
781 4059 833 4138 pti
851 4058 886 4117 s'n
910 4071 1061 4133 superor,
1082 4050 1116 4111 in
1135 4049 1198 4112 hoo

459 4173 583 4223 tantum
612 4175 711 4216 numo
749 4155 948 4218 observatus.
992 4151 1037 4218 Vt
1072 4151 1199 4236 reliqua

461 4260 550 4325 Sami
573 4256 697 4334 omnia,
726 4257 771 4317 sic
793 4269 827 4318 et
848 4255 965 4317 horum
986 4273 1081 4317 cansa
1098 4253 1201 4315 uomi-

462 4383 539 4425 num
572 4358 750 4441 ignoratur.
793 4357 940 4438 Vterque
977 4355 1088 4418 titulus
1117 4338 1201 4419 'con-

463 4467 591 4546 junctus
614 4477 752 4540 saepes
775 4458 871 4520 Lxx.
894 4455 1126 4540 interpretibus
1148 4455 1202 4521 ds-

463 4579 516 4624 rur
545 4560 623 4627 airis
641 4557 752 4642 probis
775 4570 809 4620 et
825 4556 1007 4640 religiosis,
1029 4579 1092 4625 ceu
1111 4559 1201 4638 lobo,

1250 2647 1323 2690 rem
1346 2624 1530 2687 tribuerunt
1557 2617 1741 2682 Mithridati
1760 2617 1797 2686 V.
1839 2614 1957 2694 Euerge-

1250 2741 1303 2790 tse
1322 2728 1420 2789 Ponti
1443 2726 1536 2810 regi,
1557 2721 1745 2786 Frdlichius
1767 2719 1799 2778 in
1819 2713 1958 2778 lllithrida·

1250 2843 1317 2892 tem
1335 2831 1390 2897 Ν.
1413 2827 1558 2911 ejusdcm
1588 2823 1688 2888 Ponti
1717 2819 1843 2884 inclinat
1856 2815 1893 2897 Ι>).
1927 2815 1960 2874 tlt

1251 2931 1339 2995 enim
1376 2948 1443 2993 nou
1473 2948 1574 3012 pauca
1604 2937 1700 3002 aunt,
1734 2941 1813 3009 qnae
1837 2941 1853 2982 a
1874 2917 1957 2977 Ponto

1250 3033 1392 3097 animum
1415 3041 1584 3107 avertunt,
1606 3029 1721 3112 capitis
1746 3039 1868 3109 tegmen
1885 3035 1960 3101 pere·

1252 3135 1382 3220 grinum
1416 3133 1451 3193 in
1486 3131 1579 3193 nullo
1617 3141 1713 3192 certo
1743 3145 1853 3210 regum
1881 3117 1959 3180 Ponti

1250 3256 1350 3299 numo
1386 3245 1619 3316 conspectum,
1659 3227 1777 3292 deinde
1813 3221 1960 3292 metallum,

1253 3343 1340 3421 (num
1371 3355 1492 3399 aeneus
1520 3335 1677 3398 Ponticus
1702 3351 1801 3414 usqne
1827 3325 1864 3388 ad
1885 3323 1961 3386 Pole-

1252 3459 1383 3502 monem
1399 3439 1424 3499 Ι.
1448 3437 1603 3499 hactenua
1624 3437 1713 3496 visus
1732 3453 1794 3494 non
1817 3433 1875 3510 est)
1892 3423 1962 3487 dani·

1206 3563 1210 3572 ’
1251 3563 1315 3626 que
1330 3555 1425 3622 typus
1437 3537 1547 3599 clavae
1562 3555 1671 3618 neque
1686 3535 1740 3596 hic
1755 3523 1854 3597 adhuc
1869 3529 1898 3589 in
1911 3543 1962 3586 no-

1250 3659 1325 3707 neta
1337 3662 1453 3724 regum
1470 3637 1569 3700 Ponti
1582 3635 1709 3702 obvius.
1740 3635 1805 3698 Sed
1820 3633 1910 3716 galea,
1923 3627 1964 3688 tel

1252 3751 1332 3822 tiara
1360 3746 1395 3804 in
1413 3763 1549 3806 acumen
1567 3737 1722 3802 desinens
1746 3753 1852 3800 notum
1870 3749 1964 3814 regum

1253 3847 1429 3911 Armeniae
1453 3857 1640 3927 gestamen,
1671 3857 1707 3903 ut
1735 3861 1777 3902 ex
1796 3833 1967 3922 praeceden-

1253 3951 1339 4013 tibus
1362 3947 1523 4022 vidimns,
1556 3958 1590 4008 et
1613 3945 1729 4006 saltem
1759 3939 1852 4005 simili
1873 3939 1968 4018 lorma,

1254 4055 1420 4126 solorum3
1443 4069 1516 4112 nam
1540 4055 1656 4130 regum
1672 4045 1823 4108 Parthiae
1840 4056 1869 4105 et
1885 4037 1969 4100 Edes-

1256 4175 1310 4218 sae
1345 4155 1427 4217 tisra
1461 4153 1500 4216 ab
1528 4151 1721 4214 Armeniaca
1754 4145 1847 4208 nimia
1869 4139 1970 4210 differt,

1256 4257 1395 4320 aliorum
1426 4253 1643 4338 imperiorum
1678 4249 1815 4332 regibus
1843 4241 1971 4308 omnibus

1257 4371 1312 4420 aut
1343 4356 1512 4432 diadema,
1542 4369 1597 4419 sut
1624 4373 1747 4419 corona
1774 4347 1908 4421 radiata,
1934 4363 1973 4404 ra·

1257 4459 1326 4521 rius
1351 4460 1445 4541 galea
1461 4459 1616 4523 laureare
1638 4455 1806 4539 placuere.
1843 4445 1892 4510 Ad
1906 4445 1974 4508 haee

1258 4579 1379 4624 nomen
1392 4559 1589 4654 Mithridatia
1605 4555 1761 4622 Persicae
1777 4554 1878 4638 ipsum
1894 4545 1975 4628 origi·

463 4679 1976 4716 w

500 4770 530 4836 a)
550 4729 626 4822 Diali.
648 4761 684 4819 de
703 4763 818 4821 illunis.
838 4784 868 4838 p.
878 4775 923 4841 99.
998 4766 1033 4838 b)
1052 4767 1122 4828 Not.
1142 4767 1229 4826 elem.
1245 4787 1276 4844 p.
1288 4753 1349 4832 153⁵.
