4196 5458
436 537 509 610 tao
1092 523 1327 598 luntas.

437 713 512 758 cam
523 691 673 758 adstante
685 689 797 756 Gazae
814 690 912 776 genio
928 689 1095 779 dentemm
1112 693 1180 778 jan·
1237 693 1330 758 idem
1352 691 1410 776 ἅμ
1452 691 1610 777 Serapion
1648 693 1880 776 Alexandriae,
1914 713 1940 764 et

392 859 396 866 ,
437 797 497 880 git.
535 797 591 860 De
614 797 668 858 Ina
689 794 774 880 apud
794 795 942 858 Gaaaeoe
966 795 1056 858 auita
1078 794 1180 858 malta
1239 797 1384 862 Maroae
1419 796 1576 876 templum
1609 793 1720 860 Gazae
1745 801 1782 859 in
1809 800 1939 866 recusus

436 897 1025 984 jasnalibicopioaiuscommemoravi
1041 897 1079 979 ¹),
1098 917 1180 982 qnae
1240 899 1380 961 Domini
1420 909 1646 960 surrexerunt.
1703 887 1937 965 temulentissime

437 1001 492 1064 hic
520 999 716 1063 contractius
744 999 969 1082 proponenda.
997 997 1180 1082 Stephanus
1238 1001 1368 1062 Manena
1401 995 1558 1061 diaconas
1585 997 1619 1058 in
1648 998 1711 1064 sita
1740 999 1773 1064 S.
1795 999 1938 1084 Porphyrii

438 1103 488 1182 (in
503 1097 640 1184 Ιάζιι.);
671 1103 864 1166 Vocabatur
889 1115 922 1162 et
942 1103 1020 1163 lonc
1041 1103 1082 1162 ab
1103 1103 1182 1164 Iona
1240 1098 1387 1185 episcopi
1402 1098 1531 1173 Gazae,
1561 1119 1643 1183 qnae
1666 1099 1784 1164 inserts
1804 1103 1939 1167 assistis

437 1202 563 1285 (ἕκτης
586 1203 673 1283 Ius),
696 1221 780 1280 quae
799 1201 882 1264 illuc
905 1204 1055 1284 appulit,
1076 1213 1110 1266 et
1134 1205 1184 1266 ibi
1240 1203 1435 1267 Sanctorum
1453 1199 1605 1262 Bollandi
1620 1201 1668 1282 ε);
1691 1203 1794 1265 Erant
1807 1215 1899 1266 autem
1914 1209 1940 1268 in

434 1305 630 1388 permansit.
674 1299 766 1364 idem
793 1301 858 1364 alio
884 1302 959 1384 loco
990 1302 1039 1385 (itt
1063 1303 1182 1388 Istrou)
1239 1309 1375 1368 civitate
1408 1303 1665 1366 simulacrorum
1694 1305 1820 1384 publica
1845 1308 1940 1386 templa

438 1405 521 1468 Ione
541 1405 629 1466 enim
650 1413 685 1465 et
708 1401 807 1465 Gaza
824 1405 1006 1466 uocabatur
1026 1406 1067 1468 ab
1091 1407 1182 1483 Iane,
1239 1419 1331 1482 octo,
1350 1397 1465 1481 nempe
1478 1402 1583 1482 Solis,
1600 1415 1635 1464 et
1652 1406 1802 1483 Veneris,
1821 1419 1850 1468 et
1859 1405 1941 1488 Apol·

437 1505 514 1590 (aas
529 1504 595 1587 Ina)
609 1505 722 1570 bouem
735 1505 858 1568 babens
865 1525 967 1590 prope
976 1509 1012 1570 irs
1026 1508 1181 1588 imagine.
1240 1507 1343 1584 linis,
1373 1517 1408 1568 et
1433 1505 1671 1588 Proserpinae,
1700 1515 1733 1565 et
1757 1505 1895 1582 Hecates,
1916 1521 1941 1568 et

437 1606 628 1672 Eustnthius
647 1604 708 1688 ,(αᾶ
731 1605 864 1689 Dionys.
884 1628 920 1673 a.
954 1608 1038 1691 pn.).e
1071 1607 1181 1688 Ipsam
1239 1609 1328 1690 quad
1341 1606 1515 1670 dicebatur
1529 1608 1674 1682 Hieron,
1690 1627 1746 1668 seu
1760 1609 1940 1684 sacerdotum,

443 1710 573 1773 Gazam
603 1708 719 1770 Ionem
746 1721 866 1770 uacant
889 1710 1017 1790 aliqui,
1045 1709 1103 1772 ubi
1124 1709 1183 1770 aas
1239 1721 1274 1774 et
1298 1709 1466 1773 Fortunae
1492 1711 1671 1784 civitatis,
1708 1710 1790 1788 quad
1814 1709 1941 1770 uocabant

438 1815 570 1876 eratin
594 1811 672 1886 lus,
701 1811 771 1872 siue
791 1811 892 1872 lunae
913 1811 1103 1874 simulacra.
1146 1808 1183 1872 Is
1244 1809 1413 1894 habeon,
1429 1821 1464 1870 et
1480 1807 1733 1885 mAtttvtotV.
1754 1809 1942 1888 quod—diceba·

439 1915 527 1974 enim
545 1928 588 1974 ea
608 1911 814 1990 Argiuorum
836 1911 981 1975 dialecto
1004 1913 1119 1974 lunam
1139 1911 1185 1972 si-
1242 1923 1299 1975 tur
1318 1911 1511 1993 Cretagenis
1533 1909 1627 1972 lovis
1651 1913 1703 1992 (nt
1726 1907 1843 1974 erudite
1862 1910 1941 1971 corn·

436 2009 587 2096 gntfieat.
608 2010 1116 2078 AuctorChaoniciAlexandaini
1130 2009 1185 2094 ι’)ε
1241 2009 1290 2097 git
1306 2011 1456 2074 Noaiains
1480 2029 1522 2074 aa
1546 2011 1735 2096 Stephano,
1765 2003 1846 2094 cnjus
1865 2009 1941 2074 verbs

442 2115 525 2176 Cum
549 2113 689 2176 subinde
713 2131 758 2174 eo
777 2115 893 2194 patrio
910 2117 1063 2198 fugisset
1088 2113 1182 2196 (lo,)
1240 2133 1318 2178 mox
1338 2113 1495 2192 dabimus,
1517 2133 1592 2176 nam
1614 2113 1649 2174 in
1675 2127 1764 2176 texta
1782 2126 1830 2174 cst
1853 2113 1939 2174 t'rtsu

439 2217 536 2278 missi
555 2215 601 2276 ad
614 2233 687 2276 eam
700 2214 929 2292 inquirendam
946 2218 1088 2298 Argiai,
1109 2233 1184 2278 aum
1237 2220 1370 2301 generis
1394 2215 1501 2297 Iouis)
1526 2217 1616 2295 quod
1642 2216 1867 2280 existimabant
1890 2234 1942 2276 srss

438 2320 476 2380 in
490 2315 623 2400 Syriam
641 2315 862 2396 appulissent,
884 2319 950 2380 visi
959 2330 1042 2380 sunt
1058 2318 1124 2380 sibi
1136 2317 1184 2379 ui·
1237 2317 1420 2402 gloriosius
1434 2317 1602 2380 amnibus
1623 2317 1772 2398 templis,
1799 2335 1871 2396 quae
1884 2325 1942 2376 sant

440 2419 517 2480 dere
543 2417 697 2480 buculam
721 2415 869 2478 tamena
901 2438 979 2482 eoae
1004 2421 1184 2482 decentem.-
1240 2421 1368 2498 ubique.
1391 2415 1623 2480 Additiniaae
1651 2409 1844 2500 Codgregati,
1857 2427 1941 2478 ouum
2043 2463 2044 2480 .

437 2518 496 2578 irie
520 2536 581 2598 ega
604 2537 678 2578 sum
699 2517 749 2584 Io.
791 2520 896 2601 Ipsam
923 2519 1020 2582 etiam
1047 2521 1101 2595 ie,
1123 2517 1184 2582 aad
1239 2517 1443 2583 idololatrae
1464 2521 1501 2582 in
1518 2519 1732 2582 MARNEO
1752 2517 1848 2580 multa
1865 2518 1940 2579 sacri·

438 2615 561 2701 absque
578 2615 744 2702 adscripto
763 2619 894 2682 nomine
911 2619 1009 2686 video
1026 2619 1059 2682 in
1076 2619 1182 2684 namin
1228 2621 1316 2712 ficia
1343 2633 1378 2683 et
1401 2641 1514 2704 preces
1531 2621 1714 2704 faciebant
1739 2639 1777 2682 ea
1802 2621 1837 2681 de
1855 2635 1941 2678 eausa

438 2716 660 2800 mouentibus.
1240 2723 1408 2788 mettere
1431 2724 1538 2800 eum.
1568 2719 1799 2785 MAaaau
1818 2740 1877 2784 ase
1902 2719 1943 2780 ts
2043 2693 2044 2740 ¹

798 2857 818 2896 a
1191 2867 1194 2878 ·
1240 2827 1365 2888 minum
1387 2825 1554 2888 imbrium.
1583 2821 1891 2886 MARNAMeers
1907 2821 1943 2880 di·
2043 2833 2044 2872 t

691 2903 715 2948 ³
902 2905 924 2944 ⁶
1240 2938 1320 2988 cunt
1346 2945 1416 3004 esse
1439 2925 1563 2988 Iouem.
1601 2923 1786 3006 Stephanus
1805 2919 1859 3002 iis,
1881 2919 1943 2981 unde
2043 2903 2044 2962 Ϊ

502 3021 632 3084 Mulier
648 3035 743 3086 stans
761 3025 793 3090 d.
810 3023 962 3102 hastam,
982 3047 1009 3089 s.
1026 3046 1184 3090 cornuco-
1240 3038 1273 3092 et
1292 3027 1423 3089 Cretaei
1443 3026 1531 3088 lauis
1545 3025 1702 3109 (Κρηταικ
1720 3021 1804 3111 Asea)
1822 3023 1943 3104 tenplum

431 3125 523 3200 piae,
534 3142 595 3203 pro
607 3123 746 3203 pedibus
762 3125 894 3202 bucula,
904 3125 1041 3204 Aurelii,
1051 3127 1184 3211 (Vaill.)
1241 3129 1332 3208 apud
1366 3131 1457 3210 ipsos
1484 3139 1552 3204 est,
1585 3148 1685 3208 quem
1721 3137 1828 3190 nostra
1847 3139 1943 3202 quoquo

440 3223 567 3288 Severi.
585 3225 748 3304 (Pellenin
764 3226 879 3311 Sappl.
893 3229 933 3291 11.
950 3249 982 3309 p.
997 3231 1066 3309 51.)
1119 3235 1122 3238 '
1241 3239 1352 3291 aetate
1386 3227 1549 3291 uocabant
1583 3226 1820 3302 MAattAa.
1844 3225 1876 3288 id
1890 3233 1943 3284 est:

500 3323 659 3407 applica.
694 3346 778 3412 qnae
805 3329 905 3392 modo
936 3328 977 3392 de
1007 3329 1183 3394 simulacra
1243 3329 1343 3392 Creta
1352 3332 1516 3412 genitum.
1538 3329 1764 3416 (biemaepsru.)
1795 3321 1943 3390 Exhinc!-

437 3426 493 3488 lus
510 3428 596 3510 apud
613 3425 849 3492 Gaaaeoacam
871 3429 1017 3493 adstante
1034 3431 1120 3500 hove
1140 3452 1183 3497 ex
1240 3449 1283 3514 go
1301 3431 1497 3494 testimoniis
1518 3445 1670 3494 tenemus
1690 3429 1841 3496 rationem
1858 3422 1944 3485 inscri-

435 3527 607 3610 Stephana
628 3541 662 3592 et
677 3531 848 3596 Enstathio
865 3531 1056 3600 memorari.
1238 3532 1288 3618 pti
1307 3551 1408 3596 nnmo
1422 3527 1618 3608 MAPNA,
1643 3547 1678 3598 et
1695 3537 1755 3596 hoa
1773 3521 1944 3592 nominth·
2043 3553 2044 3594 t

796 3697 819 3737 4
912 3701 918 3708 .

1240 3633 1329 3696 nattis
1360 3633 1563 3697 intellectum
1593 3635 1699 3699 inisse
1725 3635 1824 3718 ipsum
1849 3632 1942 3691 laeam
2043 3713 2044 3716 Ἴ

691 3743 715 3779 ⁴
896 3747 924 3784 ⁴
1239 3749 1276 3797 nt
1313 3748 1451 3800 testatur
1478 3737 1609 3800 manns
1637 3735 1809 3812 diaconas,
1834 3730 1881 3816 qai
1899 3727 1944 3788 Gt·
2043 3789 2044 3798 ,

500 3826 683 3918 ΜΑᾘΝΑ.
701 3827 838 3900 ΓΑΖΑ.
871 3837 988 3902 Diana
1004 3851 1039 3902 et
1055 3839 1183 3920 Apollo
1240 3855 1339 3899 naeus
1360 3837 1431 3920 ipse
1451 3823 1523 3902 init.
1554 3837 1667 3930 Quare
1685 3839 1803 3912 miras,
1822 3835 1854 3895 in
1869 3831 1943 3892 citata
2043 3813 2044 3822 ¹

436 3940 566 3992 stantes
606 3935 643 3993 in
677 3939 797 4016 templo
833 3939 983 4022 distyla,
1015 3939 1182 4019 Hadriani,
1238 3957 1339 4000 namo
1358 3937 1498 4002 verbnm
1512 3937 1692 4001 -ΜΑΡΝΑ
1713 3935 1807 4004 nasibi
1826 3935 1900 4015 juata
1914 3927 1944 3989 si·
2043 3927 2044 3974 t

360 4043 364 4050 '
435 4030 610 4094 Faustinae
622 4033 691 4113 ian.
710 4037 841 4118 (Nonis,
858 4039 972 4124 Vnill.)
1240 4059 1338 4122 gnum
1363 4039 1551 4122 Apollinis,
1586 4039 1650 4105 nisi
1673 4039 1758 4102 iacta
1789 4029 1943 4106 laiseinai
2043 4063 2044 4084 t

500 4134 552 4196 Dc
570 4136 684 4198 Manna
705 4139 790 4220 apnd
809 4139 956 4206 Ganseos
977 4143 1068 4208 culte
1085 4145 1181 4229 plara
1237 4159 1424 4223 cognomen
1441 4141 1550 4206 Gazae
1567 4140 1705 4208 inditum
1725 4129 1944 4206 ubisoncensi·
2043 4181 2044 4190 ,

436 4235 576 4320 collegit
598 4237 783 4303 testimonia
798 4243 959 4333 Nprisias.
998 4247 1182 4312 DAEieno·
1236 4254 1273 4304 ta
1289 4243 1375 4327 apud
1393 4263 1451 4307 ees
1467 4246 1656 4328 praecipuo.
1691 4242 1877 4308 Huinetism
1888 4229 1944 4296 urbi

436 4357 552 4420 aymus
567 4337 620 4420 ο)τ
650 4339 795 4404 Marnas
818 4343 936 4409 Gazae
958 4349 1051 4431 luget
1075 4349 1181 4411 inclu-
1236 4344 1424 4407 Haadninna
1442 4343 1486 4407 ob
1506 4346 1638 4408 caedem
1656 4367 1766 4410 onnsas
1784 4341 1885 4407 tribuit
1900 4357 1944 4398 nu·

436 4457 494 4500 sus
521 4451 555 4500 et
582 4443 782 4504 eversionem
817 4447 933 4530 templi
964 4452 1179 4533 pertimescit.
1237 4467 1327 4510 mam
1344 4447 1413 4510 Titi
1432 4447 1626 4531 inscriptum
1647 4443 1783 4510 ΖΕΥΣ.
1801 4435 1946 4506 ΚΡΗΤΑ·

434 4581 1947 4617 Μ

473 4661 505 4730 a)
524 4664 612 4724 Num.
633 4677 688 4725 vet.
707 4687 737 4744 p.
753 4681 798 4744 79.
871 4671 906 4742 b)
925 4681 1050 4750 papea.
1081 4673 1270 4732 adit.Venat.
1370 4675 1402 4746 c)
1420 4672 1519 4748 Epist.
1534 4673 1599 4734 vn.
1615 4672 1654 4732 ad
1673 4673 1795 4733 Laetam.
1877 4665 1905 4736 d)
1922 4661 1943 4715 5¹¹

431 4746 601 4810 comant.
621 4755 659 4810 acl
679 4755 771 4815 Isaiae
790 4779 859 4854 cap·-
872 4759 941 4828 VH,
1009 4765 1045 4837 a)
1065 4765 1099 4823 Τ.
1112 4763 1147 4826 Y·
1168 4783 1197 4840 p-
1209 4766 1271 4829 655.
1344 4761 1378 4832 s)
1398 4761 1429 4818 5¹³
1451 4751 1552 4836 falfi·
