4264 5472
816 575 1057 661 clhlclh.
1261 611 1265 624 ’
1665 615 1711 682 51

378 751 677 835 Imperatorii.
1023 757 1098 818 Nun
1115 754 1150 817 hi
1172 756 1279 820 solnm
1298 759 1388 821 numi
1404 759 1565 844 insignem
1585 767 1707 830 hem

887 856 1049 942 ¹·lapii
1055 856 1141 941 apud
1163 857 1271 943 Aegas
1291 859 1416 924 cultum
1439 875 1619 944 testatus,
1643 867 1704 932 sai

215 951 272 1018 hh
295 951 464 1021 Hadriano
493 971 597 1044 usqua
614 923 667 1022 'acl
681 953 901 1034 solertiam,
951 953 995 1022 ‘et
1012 957 1216 1022 Sozomeuus
1232 971 1277 1038 ⁸)
1294 974 1337 1024 et
1344 963 1561 1029 Philostratus
1578 963 1624 1044 b),
1636 989 1702 1054 quo

149 1073 236 1144 quos
254 1059 490 1143 interpemrl
507 1073 582 1123 sunt
599 1057 755 1143 Pupieni,
777 1059 902 1133 (Theu-
959 1059 1157 1143 perhibente
1185 1081 1221 1126 ae
1251 1062 1357 1146 palam
1376 1089 1480 1152 saepe
1507 1069 1544 1130 iu
1574 1071 1700 1154 temple

148 1161 251 1246 poli.)
284 1157 484 1240 Aemiliani,
516 1161 643 1238 (Vaill.)
670 1175 705 1225 et
722 1149 821 1226 Corn.
842 1161 903 1224 Su-
950 1163 1169 1250 ostendebat,
1193 1176 1231 1226 et
1250 1183 1324 1228 cnm
1349 1169 1575 1234 sacerdotibus
1598 1171 1700 1235 collo·
1736 1225 1740 1232 .

149 1281 273 1348 perae,
295 1281 393 1348 quem
412 1263 500 1326 inira
516 1261 706 1350 producam.
735 1264 903 1349 Parinsig-
958 1241 1062 1327 entus
1068 1277 1128 1328 est.
1159 1265 1271 1358 Quare
1289 1281 1323 1331 at
1339 1269 1595 1354 apudBasilium
1615 1277 1701 1338 laru—

144 1367 203 1428 rus
215 1377 268 1429 est
284 1367 382 1429 etiam
392 1383 510 1430 numus
530 1379 707 1450 argenteus
718 1385 802 1452 rna-x.
814 1365 902 1430 mod.
950 1385 1031 1428 rum
1059 1381 1284 1430 memorantur
1306 1369 1470 1452 Χςης-ηριιι
1490 1371 1701 1452 herinaceis

149 1467 312 1532 Haimani
342 1465 378 1530 in
412 1479 493 1550 gaza
529 1467 666 1552 reginae
695 1467 902 1546 Chrislinee',
959 1461 1132 1552 Πιριγιιμῳ,
1146 1465 1176 1529 ir
1192 1465 1362 1553 Easiuugu,
1377 1470 1539 1558 ἕιΑιιγαις
1554 1487 1594 1552 0).
1615 1477 1697 1560 Ejus

147 1589 249 1656 qnam
261 1571 333 1656 lpse
346 1569 430 1636 udi:
449 1565 703 1640 ΑΙΓΕΑΙΩΝ.
718 1563 894 1634 ΕΤΟΤΣ.
951 1567 997 1630 ibi
1018 1569 1176 1653 tenplum
1205 1569 1433 1656 lamigerstum
1455 1595 1607 1641 eversum
1629 1593 1696 1642 tan·
1753 1611 1764 1632 ι

133 1669 256 1737 ·ΘΟΡ.
277 1671 411 1751 Aquila
425 1676 584 1752 expansis
598 1673 675 1736 alis.
702 1669 895 1738 Vaillantiua
951 1669 1125 1734 cenesca
1142 1672 1353 1738 Constantino
1369 1679 1431 1752 lu,
1453 1690 1488 1738 nt
1508 1693 1618 1742 narrat
1633 1682 1699 1743 Eu·

145 1773 292 1838 euurlem
311 1776 389 1838 citat
405 1774 439 1836 in
456 1775 522 1838 suis
539 1773 647 1838 uumis
662 1772 815 1862 Graecis,
835 1771 895 1836 sed
947 1772 1061 1836 sebius
1074 1773 1107 1834 in
1117 1773 1194 1856 ejus
1211 1775 1276 1840 vita
1293 1775 1334 1852 d).
1359 1777 1413 1840 Ob
1426 1777 1595 1843 celebrem
1613 1781 1696 1846 hanc

146 1873 238 1960 qnod
257 1889 432 1958 argenteus
458 1877 519 1954 sit,
545 1893 612 1960 nou
636 1873 744 1952 addit,
774 1895 894 1938 aunum
950 1869 1138 1959 Aesculapii
1150 1879 1347 1962 religionem
1361 1879 1492 1944 ridetur
1507 1880 1645 1965 perinde
1657 1887 1696 1948 ao

145 1979 232 2061 legit
252 1975 367 2057 HOP,
402 1979 561 2064 deceptus
590 1995 711 2061 nempe
739 1997 758 2040 a
787 1975 893 2042 ferma
947 1977 1135 2062 Epidaurus
1154 1975 1433 2044 ΙΕΡΑΣιιοιιιοιι
1452 1981 1635 2048 abstulisse.

146 2080 305 2165 quadrata
319 2103 358 2144 rs
374 2081 421 2160 Θ,
451 2088 520 2166 qua*
534 2080 735 2144 elementum
753 2077 840 2142 istud
858 2079 893 2141 iu
1017 2081 1126 2162 Caput
1137 2079 1300 2144 Medusae
1318 2086 1411 2146 intra
1432 2086 1596 2147 circulum
1613 2085 1695 2150 ΧΠ.

145 2182 214 2247 hoc
231 2203 331 2247 numo
349 2197 512 2250 exaratur.
949 2183 1122 2263 signorum
1132 2181 1335 2262 coelestium,
1345 2184 1385 2246 iu
1400 2187 1508 2249 numia
1517 2185 1694 2254 Valeriani.

210 2285 400 2370 Epigraplse
418 2279 669 2348 ΑΙΓΕΑῙΩΝ.
688 2282 821 2367 propria
839 2282 894 2344 hu·
950 2278 1128 2363 (Vaillant,
1150 2281 1279 2366 naym.)

142 2407 224 2450 rum
233 2389 397 2473 Aegaeum
411 2385 654 2471 orthographia.
676 2385 762 2450 Sane
777 2383 818 2448 ab
829 2387 893 2447 Ha·
1012 2381 1076 2446 Hic
1093 2397 1187 2464 typus
1204 2384 1311 2468 clypei
1324 2385 1463 2449 formam
1480 2389 1635 2473 praehet,
1658 2403 1692 2453 et

145 2489 265 2552 driano
292 2511 395 2575 usque
424 2490 466 2553 ad
489 2488 687 2553 Caracallum
718 2487 807 2551 nulla
830 2481 892 2550 alie
950 2481 1081 2548 ridetur
1103 2501 1177 2547 cum
1201 2483 1370 2550 adlusione
1395 2486 1437 2549 ad
1457 2489 1547 2551 urbis
1570 2511 1693 2554 nomeu

143 2591 258 2657 valuit.
290 2592 389 2655 Solus
408 2591 600 2660 Vaillantius
617 2593 663 2658 lli.
678 2589 808 2653 Aurelii
834 2611 893 2651 nu·
947 2585 1093 2651 indicare
1114 2587 1264 2670 clypeum
1293 2587 1415 2652 dictum
1444 2591 1596 2672 Aegida,
1635 2593 1691 2678 qui

142 2713 237 2756 muru
260 2679 338 2758 citsl
365 2691 558 2777 inscripinm
581 2685 795 2756 ΑΙΓῙΕΩΝ.
820 2687 891 2756 ΕΤ.
949 2707 1066 2773 caprae
1084 2689 1173 2772 pelle
1190 2691 1365 2753 constabat
1382 2689 1510 2754 inserta
1531 2689 1690 2759 Medusae

143 2795 235 2861 Alc.
254 2795 343 2883 qnod
356 2796 417 2890 luit
431 2794 555 2880 gentile
569 2793 666 2877 Aegii
682 2793 834 2870 Achaiae,
853 2813 891 2856 ac
947 2793 1074 2876 capite,
1109 2805 1145 2855 ut
1176 2793 1282 2855 relert
1306 2792 1553 2858 Eratosthenes.
1592 2795 1690 2862 Hunc
1820 2839 1823 2854 .

142 2909 475 2983 propterearereor,
503 2911 540 2958 ut
563 2909 657 2965 recte
682 2905 821 2980 excepta
848 2895 891 2957 sit
950 2893 1147 2976 explicatum
1174 2893 1239 2978 jam
1262 2910 1355 2959 acute
1375 2893 1455 2960 vidit
1466 2895 1622 2980 Haynrius
1647 2903 1690 2981 ⁸),

142 3001 319 3083 scriptura.
351 2999 462 3066 Valnit
477 2991 719 3061 ΑΙΓΕΑῙΩΝ
739 2996 837 3060 etiam
856 2995 890 3058 in
949 2991 1008 3056 sed
1034 2993 1241 3058 subtiliorem
1263 3011 1297 3060 et
1318 3017 1359 3060 ex
1382 3000 1592 3081 cosmogonia
1609 2999 1693 3084 peti·

143 3102 352 3186 aequantium
370 3103 605 3188 imperatorum
620 3097 826 3175 numis,·setl
842 3111 891 3162 ta·
947 3105 1016 3158 tum
1031 3095 1171 3160 attulere
1195 3099 1317 3163 eruditi
1337 3098 1525 3169 conditores
1551 3102 1692 3187 catalogi

143 3203 313 3267 meninde
334 3203 519 3269 allacrino
538 3196 695 3286 scriptum
711 3199 809 3263 etiam
827 3211 890 3277 est,
948 3215 1149 3280 gemmarum
1173 3199 1265 3266 ducis
1282 3199 1527 3266 Aurelianensis
1549 3202 1586 3286 ί).
1618 3205 1692 3268 Pal·

145 3300 591 3380 memarmoli,
605 3301 683 3386 quin
699 3301 778 3368 etin
790 3323 889 3366 numo
946 3299 995 3362 lus
1014 3297 1075 3364 hac
1099 3301 1216 3386 aegide
1246 3305 1367 3366 munita
1395 3305 1520 3368 sistitur
1542 3327 1689 3389 pugnans

142 3405 397 3470 Diadumeniani
416 3400 599 3481 ΕΓΕΩΝ,
628 3406 771 3488 (Haym.)
798 3417 832 3468 et
854 3405 889 3466 iu
945 3419 1020 3464 cum
1037 3402 1177 3486 Giganta
1195 3405 1229 3467 in
1246 3423 1344 3470 numo
1364 3407 1536 3472 Seleuciae
1554 3406 1688 3472 Ciliciae

142 3507 459 3572 nnmohlexanslrir
482 3501 893 3583 uult-:Ammaia
944 3523 1033 3568 ame
1050 3505 1200 3589 editos).
1655 3570 1662 3584 κ

140 3609 236 3692 poli.)
1009 3609 1138 3671 Mulier
1152 3620 1248 3671 staur
1263 3609 1295 3671 ri.
1311 3612 1546 3690 cornucopiae,
1567 3633 1594 3677 s.
1608 3629 1689 3693 pue·

211 3711 294 3796 lypi
313 3713 539 3776 illustriores:
944 3708 1072 3794 rulum,
1093 3709 1127 3769 in
1144 3727 1243 3772 numo
1260 3711 1424 3772 Antonini.
1449 3709 1576 3792 (vult.)
1668 3717 1670 3726 ’

205 3813 434 3894 Aesculapius
449 3823 545 3875 ilaus
559 3815 666 3892 solus,
686 3823 747 3875 aut
761 3803 798 3875 in
810 3828 886 3876 cau·
1006 3810 1148 3877 'Videtur
1162 3813 1243 3875 haec
1258 3811 1519 3888 essahmalthea,
1536 3811 1684 3876 Melissei

135 3919 340 3980 sorciacum
362 3915 802 3998 TelesphoroetHygia.-
818 3915 885 3978 Ae·
941 3911 1031 3998 regis
1050 3912 1220 3976 Cretaer
1258 3914 1371 3978 lovem
1392 3923 1530 3998 puerum
1552 3925 1682 3999 gestans

135 4019 291 4101 saulapio
307 4020 423 4080 adstat
443 4017 572 4097 capella
595 4017 629 4078 in
649 4033 749 4080 numo
768 4013 885 4081 Mauri·
941 4035 1038 4077 mann
1068 4035 1149 4090 uua,
1186 4015 1289 4078 altera
1319 4015 1556 4100 cornucopiae,
1593 4017 1682 4102 quod

135 4119 182 4184 ui.
223 4115 353 4195 (Vaill.)
385 4117 479 4182 Hanc
499 4117 600 4180 luisse
619 4117 814 4204 Aesculapio
835 4141 884 4184 sa·
940 4115 1011 4200 ejus
1048 4137 1165 4202 caprae
1194 4116 1272 4194 fuit,
1315 4137 1397 4202 qnae
1421 4117 1500 4182 ‘lori
1530 4119 1682 4184 alimenta

135 4243 246 4300 mam,
275 4220 519 4285 observavimus
539 4221 573 4282 iu
593 4221 700 4284 nuruis
716 4217 882 4304 Epidauri.
939 4217 1090 4302 praebuit
1117 4219 1295 4283 secundini
1318 4219 1484 4305 Hyginum
1515 4233 1549 4283 et
1569 4223 1684 4284 Erato-

134 4353 178 4372 -·
203 4323 405 4404 Aesculapii
430 4321 570 4385 baculus
591 4341 701 4403 ungue
723 4311 882 4400 inanitus,
938 4323 1100 4387 silenem.
1122 4323 1183 4384 Est
1197 4322 1280 4386 adeo
1295 4343 1426 4385 rursum
1441 4321 1684 4386 adlusioadut‘·

135 4425 177 4486 ad
210 4423 382 4492 Valeriani
411 4437 509 4508 caput
547 4423 712 4508 trajectus.
752 4425 882 4507 (ffaym.
936 4421 989 4486 bie
1008 4443 1129 4487 nomen
1145 4421 1204 4488 iau
1220 4447 1275 4500 της
1291 4422 1397 4510 ἆιιγος.
1660 4437 1663 4444 “

134 4523 176 4592 Τ.
195 4527 235 4588 11.
259 4525 407 4608 tabdsh.)
704 4605 715 4612 ¹
1004 4525 1164 4590 Hercules
1190 4529 1298 4590 nudas
1313 4539 1429 4590 ¹sacra
1452 4525 1548 4608 facil
1583 4545 1681 4608 super

187 4699 402 4830 ·)h.1l.as.
457 4753 752 4834 b)Vit.Appollom
768 4753 992 4834 la.1.u.7.seq.
1056 4755 1087 4826 c)
1106 4753 1168 4816 Vit.
1183 4752 1214 4812 S.
1228 4749 1371 4812 Theclae.
1386 4749 1469 4810 lull.
1525 4751 1560 4826 d)
1579 4751 1678 4810 h.lll.

134 4851 214 4916 usi·
290 4845 542 4926 s)'r.ll.p.5ra.
616 4845 896 4924 Momlrpeot.
960 4843 1355 4922 uutumraapessr.
1449 4865 1453 4874 ·
