4160 5454
616 539 811 616 REGES
852 542 1075 618 stuta-e.

867 717 1042 778 seminuda
1069 717 1147 798 rapt
1172 715 1321 779 insidens
1345 717 1377 782 d.
1401 731 1553 794 extento,
1584 741 1611 783 s.

431 708 451 745 U
598 735 603 752 t

330 755 349 792 1
499 775 503 781 -
535 753 555 794 ἢ

153 816 276 898 lapsum
295 809 514 888 eruditorum,
536 807 592 894 qui
612 809 813 877 tetradrsch·

1542 563 1614 633 2]ιῖ

867 821 1101 898 cornucopiam,
1120 818 1320 897 reliquant
1337 820 1374 880 in
1385 821 1614 903 praecedente.

107 939 144 980 uta
162 915 318 998 inscripta:
356 903 623 974 ΒΑΣΙΛΕΩΣ.
649 911 812 976 ΑΝΤΙΟ-
866 917 938 981 AR.
956 917 981 981 1.
1006 917 1188 998 (Pellerin‚
1211 918 1375 1001 Frt'llich.)

106 1015 190 1081 llol'.
208 1011 335 1078 ΘΕΟΤ.
355 1006 658 1078 ΕΠΙΦΑΝΟΤΣ.
681 1011 811 1077 ΝΙΚΗ-

106 1107 246 1180 lotor.
267 1113 307 1177 sd
330 1113 528 1176 Antiochum
544 1113 617 1178 x11.
637 1115 813 1180 transtule-

104 1229 175 1292 runt,
194 1215 223 1275 in
238 1213 401 1280 Antiocho
416 1215 495 1293 tv..
517 1215 608 1299 cujus
625 1215 676 1279 illi
693 1237 811 1286 resera

104 1331 174 1394 sunt,
190 1314 330 1382 iudicari.

104 1509 290 1620 namura
326 1553 422 1616 nex
454 1553 632 1635 nucum
675 1557 811 1635 neve,

342 1653 540 1725 menne.

151 1824 214 1908 Syri
242 1836 403 1909 perpetua
436 1843 474 1887 ac
508 1838 642 1887 cruenta
674 1824 811 1890 laeuum

102 1925 206 1988 dissidia
230 1925 375 2010 pertaesi
405 1925 439 1986 in
469 1925 636 1992 evocando
668 1927 811 2013 denique

101 2027 261 2110 integrum
281 2048 379 2090 suum
397 2027 541 2111 Tigrane
562 2027 738 2094 Armeniae
761 2050 813 2095 re·

100 2147 132 2210 ge
155 2129 337 2212 conspirant.
383 2128 552 2194 Oriundus
584 2131 639 2194 hic
671 2145 741 2196 erat
771 2131 811 2196 ab

99 2229 204 2292 Arteria
226 2229 380 2294 Antiochi
405 2233 459 2292 111.
485 2230 587 2308 duce,
616 2233 671 2316 qni
697 2236 812 2298 Arme·

98 2331 153 2394 nire
168 2331 271 2415 majori
287 2331 479 2416 praefectus
493 2333 650 2416 primum,
672 2333 811 2400 subinde

95 2433 263 2516 prouinciam
286 2455 355 2518 per
379 2455 497 2518 regum
518 2433 630 2519 Syriae
652 2437 720 2502 sire
744 2435 812 2500 lan·

94 2553 227 2616 morem,
248 2535 323 2602 sive
342 2537 565 2620 impotentiam
582 2538 643 2599 sibi
666 2539 811 2616 retinuit,

94 2636 269 2720 posterisque
282 2638 355 2704 suis
366 2638 521 2702 adseruit.
540 2641 711 2724 Ingressus
729 2661 811 2724 ergo

95 2727 812 2826 aaa,aprestaqueejuspro'vtnatsocou·

94 2839 157 2920 potis
171 2839 205 2908 V.
223 2843 257 2907 C.
278 2841 360 2924 h7t.
389 2841 595 2924 Magadatem
617 2865 678 2930 pro
701 2867 736 2909 se
760 2867 812 2910 re·

96 2941 165 3020 gleni
185 2941 340 3024 praeficit.
380 2944 463 3006 Eam
485 2946 596 3028 quiete
623 2947 812 3031 complures

92 3063 172 3105 annos
196 3045 320 3123 tenuit,
350 3044 456 3109 donec
485 3069 504 3109 a
535 3048 725 3112 Mithridate
754 3051 809 3116 Vl.

94 3145 170 3206 Ponti
182 3167 267 3230 rege,
283 3147 380 3230 cujus
397 3146 497 3212 liliam
513 3149 717 3231 Cleopatram
733 3171 813 3214 uso·

91 3245 262 3326 retuderit,
287 3263 413 3312 tractus
434 3248 467 3312 in
487 3271 651 3314 armorum
675 3253 810 3316 societa-

92 3357 144 3408 tem
165 3349 261 3414 rictus
292 3351 438 3438 primum
462 3376 479 3415 a
502 3353 662 3433 Lucullo,
691 3354 811 3418 deinde

91 3449 224 3533 Poupejo
242 3455 289 3518 tt.
308 3468 442 3517 coactns
460 3467 510 3516 est
528 3455 621 3537 Syria
645 3457 810 3521 excedere

91 3548 123 3608 l'.
140 3551 171 3612 C.
186 3553 254 3616 ote
283 3555 454 3639 Deinceps
475 3555 508 3617 in
528 3559 682 3622 Armenia
709 3558 771 3622 sibi
791 3581 811 3623 a

89 3651 225 3735 Pompeio
242 3657 404 3740 permissa
421 3658 601 3744 imperavit.

364 3897 511 3964 Norat:

138 4065 240 4147 σφωε
261 4071 354 4152 rege’e
375 4069 467 4130 tiara
491 4069 627 4132 radiate
646 4061 680 4130 et
699 4069 812 4131 diade·

87 4177 162 4226 neta
190 4179 353 4231 ornatum.
397 4164 422 4228 Ξ
450 4162 719 4234 ΒΑΣΙΛΕΩΣ.
747 4169 812 4232 ΤΙ·

86 4257 268 4332 ΓΡΛΝΟΤ.
313 4270 445 4334 Mulier
478 4273 591 4334 aelata
621 4283 656 4334 et
685 4275 811 4336 turrita

83 4371 147 4444 rupi
162 4371 310 4432 inridens
331 4385 366 4434 et
386 4373 418 4434 d.
433 4374 568 4452 palmae
588 4393 717 4436 romum
738 4393 812 4454 pro·

931 1019 1055 1081 Eadem
1089 1021 1238 1083 adversa.
1282 1016 1307 1080 ἰί
1341 1013 1611 1087 ΒΑΣΙΛΕΩΣ.

868 1115 1119 1183 ΤΙΓΡΑΝΟΤ.
1148 1115 1282 1184 chod.
1326 1123 1456 1184 Mulier
1486 1123 1613 1184 turrita

867 1224 1040 1286 seminuda
1066 1225 1142 1304 rupi
1169 1223 1318 1285 insidens
1344 1225 1375 1286 d.
1398 1233 1557 1314 extenta.
1585 1243 1614 1286 s.

868 1327 1093 1404 cornucopine.
1117 1323 1187 1386 Aa.
1203 1323 1259 1390 lll.
1278 1322 1474 1406 (Pellerin.)
1553 1329 1559 1334 '

932 1425 1058 1486 Eadem
1088 1425 1237 1488 adversa.
1281 1421 1306 1484 ἒ
1339 1416 1610 1488 ΒΑΣΙΛΕΩΣ.

868 1519 1136 1586 ΒΑΣΙΛΕΩΝ.
1182 1520 1431 1590 ΤΙΓΡΑΝΟΤ.
1474 1519 1610 1591 ΘΕΟΤ.

869 1627 984 1706 Equus
1001 1627 1168 1708 grediens.
1189 1625 1260 1694 ΑΕ.
1276 1629 1331 1693 lll.
1354 1625 1547 1709 (Pellerin.)

932 1729 1060 1790 Eadem
1094 1729 1244 1790 adverse.
1286 1725 1310 1787 2
1342 1721 1609 1792 ΒΑΣΙΛΕΩΣ.

868 1823 1135 1892 ΒΑΣΙΛΕΩΝ.
1180 1825 1431 1896 ΤΙΓΡΑΝΟΤ.
1481 1829 1614 1892 Mulier

869 1932 981 1994 uelata
1007 1935 1132 1994 turrita
1158 1933 1235 2013 rupi
1256 1933 1405 1994 insidens
1427 1933 1458 1994 d.
1477 1933 1611 2016 palmae

868 2051 1013 2108 remum,
1047 2033 1164 2095 subtus
1183 2034 1317 2116 fluvius
1340 2053 1526 2115 emergens,
1556 2053 1613 2095 cn·

868 2155 948 2197 nus:
971 2127 1075 2208 ςΛΣ.
1097 2134 1168 2196 AR.
1185 2133 1239 2196 lll.
1265 2133 1460 2213 (Pellerin.)

930 2227 1200 2300 ΒΑΣΙΛΕΩΣ.
1213 2227 1479 2310 ΒΑΣΙΛΕΩΝ.
1506 2233 1614 2316 Caput

868 2337 964 2400 idem.
983 2329 1529 2400 tT1PPANOT.MErsA0t.
1554 2337 1613 2396 Vr'·

869 2441 978 2499 ctort'e
993 2438 1165 2518 gradiens,
1187 2455 1305 2499 annus·
1327 2429 1450 2502 ΑΜΣ.
1471 2437 1541 2502 AE.
1556 2435 1611 2497 lll.

865 2535 1060 2620 (Falleris.)

930 2638 1116 2722 Superbum
1140 2635 1292 2723 Tigranis
1316 2635 1458 2702 animum
1481 2637 1545 2721 jam
1569 2658 1612 2702 ex

867 2741 1032 2804 historicis
1056 2741 1222 2824 cognitum
1239 2741 1276 2803 hi
1294 2744 1384 2802 numi
1404 2740 1611 2824 eloquuntur.

866 2843 977 2906 Hebes
1000 2844 1032 2903 in
1052 2842 1102 2906 his
1124 2842 1235 2905 titulos
1253 2835 1521 2908 ΒΑΣΙΛΕΩΣ.
1537 2841 1613 2904 ΒΑ·

868 2939 1072 3008 ΣΙΛΕΩΝ.
1110 2947 1214 3028 Regis
1242 2963 1372 3025 regum,
1405 2955 1439 3006 et
1464 2939 1614 3006 META-

867 3040 975 3108 ΛΟΤ.
1000 3049 1138 3128 Magni,
1155 3046 1190 3106 in
1207 3063 1323 3126 regum
1338 3043 1490 3108 Parthiae
1505 3043 1612 3107 nornis

869 3169 930 3232 pro
951 3147 1077 3234 ‚sativo
1101 3147 1184 3210 fastu
1214 3144 1340 3211 obvios.
1383 3147 1436 3209 De
1466 3146 1610 3228 Tigrane

869 3251 951 3314 haec
970 3250 1076 3316 refert
1092 3247 1287 3312 Plutarchus
1309 3247 1357 3330 ¹),
1379 3247 1412 3310 ei
1428 3267 1528 3332 reges
1544 3267 1613 3310 ser·

868 3352 968 3416 riisse
984 3353 1122 3427 multos,
1146 3363 1180 3414 et
1200 3369 1315 3412 eorum
1335 3361 1473 3432 quatuor
1492 3347 1613 3410 satelli·

869 3467 938 3517 tnm
960 3454 1036 3516 loco
1059 3429 1230 3528 hahuisse,
1257 3451 1362 3533 jussos
1384 3449 1472 3532 juxta
1490 3439 1616 3512 tunica·-

868 3570 1095 3629 tuscanens,
1119 3573 1192 3615 cum
1219 3571 1304 3636 equo
1327 3550 1398 3632 ipse
1421 3549 1609 3615 veheretur.

867 3657 983 3722 Fuisse
1000 3668 1170 3741 praeterea
1183 3651 1323 3715 Lucullo
1338 3647 1510 3727 infensum,
1523 3649 1612 3734 quod

869 3779 942 3824 sese
961 3780 1069 3842 regem
1087 3767 1220 3830 tantum,
1241 3765 1356 3814 elnon
1371 3771 1479 3832 regem
1497 3773 1611 3834 regum

868 3864 900 3924 in
938 3841 1076 3945 epistola
1113 3855 1324 3921 salutavisset.
1366 3851 1468 3914 Addit
1506 3852 1611 3934 idem,

869 3961 952 4028 adeo
983 3963 1075 4022 illum
1108 3979 1149 4021 ex
1168 3975 1291 4020 'rerum
1321 3973 1483 4038 prospero
1513 3975 1612 4020 cursu

868 4063 1025 4129 extulisse
1043 4061 1184 4137 animos,
1204 4072 1258 4134 ut,
1280 4055 1438 4144 quidquid
1456 4059 1612 4122 mortales
1642 4131 1649 4142 ,

869 4179 996 4249 optant,
1020 4163 1056 4225 id
1078 4162 1203 4226 esseio
1223 4159 1359 4222 arbitrio
1385 4177 1444 4222 sno
1469 4173 1609 4244 putaret.

868 4271 920 4332 Ex
939 4288 1003 4355 quo
1020 4275 1170 4348 apparet,
1201 4261 1298 4325 laoile
1322 4261 1417 4328 illum
1442 4261 1609 4325 admisisse

869 4369 1121 4456 appellationem
1149 4359 1274 4426 ΘΕΟΤ
1302 4365 1367 4448 jaro
1395 4363 1523 4446 pridem
1553 4361 1611 4442 Sy·

80 4469 216 4547 tendens,
233 4471 352 4536 subtus
355 4473 490 4558 fluuius
500 4493 682 4558 emergens,
700 4477 813 4539 omnia
868 4473 938 4536 riae
968 4469 1102 4554 regibus
1129 4465 1335 4530 familiarem.
1379 4465 1416 4526 ln
1442 4477 1610 4545 postremo

79 4567 160 4628 latre
178 4571 341 4636 lauream
363 4575 402 4636 ln
422 4571 510 4640 aliis:
532 4577 664 4641 Mulier
686 4581 814 4642 turrita
868 4593 968 4636 numo
989 4571 1076 4634 tituli
1097 4571 1131 4632 in
1151 4583 1323 4654 utramque
1340 4563 1547 4649 superficiem
1565 4563 1613 4658 di·

87 4707 1616 4748 w

108 4771 138 4838 a)
154 4771 189 4830 la
205 4773 335 4836 Lucullo
351 4797 430 4857 pm·
447 4791 510 4844 50⁵·
