4272 5462
654 575 845 652 aucae
888 577 1202 654 ossariam

158 742 291 809 lirmcri.
336 743 410 806 Alia
439 743 806 830 regulorumGalatiae
842 751 899 808 nod

159 845 244 908 mina
274 865 380 932 aeque
407 846 542 912 barbare
564 847 640 932 lcgc
662 847 748 932 ipud
769 849 900 928 biriuni

158 949 193 1013 b,
214 947 393 1013 XXXVIII.
411 947 489 1012 inde
507 972 523 1022 a
541 969 612 1036 cap.
634 953 733 1014 rhet
747 951 786 1017 t..
799 951 898 1018 XLV.

158 1069 184 1112 c.
201 1047 261 1124 34,
290 1063 325 1110 et
344 1049 524 1114 Reinerum
541 1053 754 1119 Reineccinm
779 1053 814 1115 iu
833 1055 900 1117 Te·

158 1155 299 1220 trarcltia
316 1154 470 1218 Galatica.

220 1255 272 1320 Ad
288 1277 386 1340 reges
404 1248 438 1318 in
454 1256 559 1319 numia
578 1255 698 1318 nostris
719 1253 900 1340 descriptos

158 1373 192 1423 ut
209 1371 378 1436 revertar,
400 1357 444 1434 ti,
467 1379 548 1443 quos
569 1359 698 1442 priores
720 1359 810 1420 nhmi
832 1361 901 1422 elo-

158 1475 320 1545 quuntur,
345 1461 521 1538 stravius,
549 1461 715 1536 Bitucus,
740 1461 902 1524 Caranto-

159 1564 230 1639 lus,
254 1565 430 1646 Psamytes
446 1580 477 1624 'a
511 1559 725 1644 scriptoribus
758 1561 910 1644 quidem,

159 1668 417 1750 saltamaperte,
435 1683 501 1724 non
517 1678 757 1740 memorantur,
773 1679 810 1726 ¹at
826 1683 902 1727 cona

159 1783 238 1842 stat,
270 1789 312 1830 ex
342 1785 407 1850 quo
432 1763 556 1828 Galatia
582 1765 616 1826 in
640 1765 831 1828 tetrarchias
856 1765 903 1826 di·

158 1871 223 1932 risa
239 1867 325 1945 ¹luit,
346 1867 466 1929 multos
484 1867 585 1930 fnisse
603 1867 802 1948 tetrarchas,
825 1867 903 1950 urso-s

156 1991 229 2046 rum
249 1987 314 2030 non
332 1968 479 2031 meminit
496 1967 652 2045 historia,
670 1961 717 2030 ⁴ex
734 1965 850 2052 quibus
867 1969 901 2044 ii,

159 2073 213 2156 qui
231 2071 305 2156 plus
324 2073 477 2146 valuere,
507 2071 637 2153 regium
658 2069 755 2134 ctiam
780 2088 901 2129 nomen

159 2169 376 2255 usurparunt,
398 2191 479 2255 quos
500 2171 705 2236 interfuere
726 2189 785 2232 rex
801 2169 902 2251 Deje-

158 2289 247 2336 tarus
265 2297 283 2337 a
302 2275 463 2337 Cicerone
485 2273 657 2350 defensus,
686 2287 719 2337 et
736 2275 901 2360 Amyntas,

158 2375 200 2438 de
230 2376 347 2460 quibus
378 2397 465 2442 mox.
508 2377 685 2453 Dixeram,
716 2394 813 2456 reges
841 2375 901 2434 hos

158 2479 273 2542 saltem
296 2492 409 2562 aperte
430 2489 498 2540 n'on
520 2477 616 2562 proli
639 2500 656 2540 a
678 2474 902 2559 scriptoribus

157 2582 239 2643 Nam
271 2600 393 2642 nornen
413 2581 544 2643 Bitorio
575 2579 629 2645 vel
649 2579 768 2642 Bituco
797 2573 904 2638 simile

158 2680 207 2744 bis
224 2683 369 2746 occurrit
385 2681 470 2765 apati
488 2681 670 2764 Appianum
687 2681 736 2761 ¹),
761 2695 834 2742 cum
852 2694 904 2740 re·

158 2783 243 2858 lert,
266 2783 368 2846 luisse
393 2787 426 2846 in
454 2783 651 2844 Mithridatis
669 2783 727 2849 VI.
754 2779 901 2844 exercitu

159 2883 298 2948 Bracaror
314 2909 399 2966 rara,
419 2883 555 2967 insparsa
566 2885 711 2956 Kebros,
730 2884 901 2945 Bitoctum

159 2990 342 3064 quendam,
370 2989 425 3052 vel
450 2989 618 3049 Bituitum
645 2983 819 3045 Gallorum
844 2983 901 3043 du·

158 3109 245 3163 cem,
284 3087 337 3150 'cui
361 3088 567 3151 Mithridate-s
588 3083 769 3168 desperatis
801 3083 900 3147 rebus

159 3189 309 3251 omnibus
331 3200 427 3274 capu't
448 3213 539 3252 suum
562 3175 791 3272 amputandunl
810 3185 903 3248 obtu-

159 3290 206 3354 lit.
242 3287 432 3368 Buritani,
461 3293 515 3355 vel
535 3289 801 3353 Bittum'Galliae
827 3307 901 3369 pro·

158 3394 249 3472 priae
275 3413 390 3475 regem
418 3392 521 3455 habes
543 3393 627 3478 apud
647 3391 841 3454 Strabonem
856 3387 900 3470 1Φ),

158 3507 191 3554 et
211 3493 418 3556 Athenaeum
435 3499 475 3578 c).
507 3496 595 3557 Alias
618 3495 659 3557 de
680 3492 827 3555 barbaris
849 3490 901 3552 his

158 3594 292 3679 regibus
326 3597 530 3677 conjecturas
559 3597 637 3682 lege
667 3595 752 3678 apud
777 3592 902 3654 Bimar·

158 3695 235 3758 dum
251 3693 294 3777 d).
317 3698 490 3780 Inscriptio
505 3698 538 3758 in
554 3698 660 3760 numia
677 3698 726 3758 his
742 3693 902 3758 estGrae·

157 3819 212 3874 ca,
236 3819 321 3882 quae
338 3820 468 3888 rursum
490 3800 656 3884 peristasis
679 3819 736 3861 eos
757 3821 774 3861 a
795 3797 902 3860 Gallia

157 3901 332 3983 Europaea
348 3902 484 3978 arenis,
506 3902 596 3982 cujus
615 3901 722 3978 numi,
744 3899 772 3962 si
788 3897 902 3960 Massi·

158 4001 254 4078 liam,
277 4023 359 4086 quae
375 4003 501 4067 Graeca
516 4003 594 4065 urbs
611 4003 689 4077 fuit,
706 4001 833 4078 demas,
853 4001 902 4062 in-

159 4102 347 4165 scribuntur
370 4085 512 4181 Latine,
543 4117 598 4167 aut
621 4105 728 4166 mixtis
754 4089 902 4165 nonnuli·

160 4223 254 4288 quam
270 4205 376 4271 literis
387 4208 538 4284 Graecis,
554 4228 632 4293 quas
644 4205 749 4271 vicina
758 4189 902 4268 Massilia

160 4303 304 4384 invexit,
327 4309 374 4374 sic
395 4319 520 4386 tamen,
550 4323 586 4372 ut
603 4311 743 4374 Latinae
768 4329 903 4392 praera-

161 4407 258 4473 leant
275 4409 442 4475 Habemus
460 4411 558 4476 etiam
572 4411 697 4477 Galliae
708 4413 900 4495 Europaeos

1627 605 1697 674 185
1748 596 1757 606 ’

955 769 1071 822 numos
1083 749 1237 835 aliquos,
1267 749 1300 812 iu
1319 749 1435 836 quibus
1463 751 1585 820 diserte
1604 759 1696 820 ltux

956 867 1165 917 memoratur.
1189 855 1232 914 At
1252 851 1396 916 Galatiae
1415 874 1532 938 reges,
1556 877 1628 920 cum
1648 880 1698 922 es·

955 967 1028 1016 sent
1047 954 1080 1015 in
1096 953 1204 1016 medio
1219 955 1420 1038 populorum
1433 959 1698 1040 graecissantium
1805 999 1813 1012 ,

956 1055 1068 1138 positi,
1087 1055 1150 1118 alia
1168 1055 1294 1140 lingua,
1310 1077 1405 1140 quam
1420 1058 1564 1135 Graeca,
1583 1061 1616 1121 in
1633 1081 1699 1123 mo·

958 1171 1031 1218 neta
1049 1156 1177 1240 publica
1195 1158 1243 1220 uti
1264 1179 1329 1220 non
1348 1173 1496 1240 potuere.
1533 1161 1584 1224 Ad
1607 1177 1700 1246 typos

958 1257 1045 1343 quoti
1077 1259 1212 1336 attinet,
1242 1272 1349 1321 utrum
1381 1260 1426 1348 iu
1446 1261 1549 1324 antica
1580 1265 1620 1326 sit
1650 1285 1701 1327 ca·

959 1373 1015 1442 put
1045 1361 1146 1444 ipsius
1167 1363 1278 1445 regis,
1311 1382 1371 1424 sen
1408 1375 1547 1443 propter
1577 1365 1700 1428 clavam

957 1461 1130 1536 Herculis,
1153 1476 1207 1525 aut
1224 1461 1313 1546 regis
1335 1445 1559 1526 subllcrculis
1579 1467 1699 1548 specie,

958 1552 1024 1626 non
1056 1565 1156 1626 ausim
1188 1560 1355 1630 decidere.
1398 1563 1526 1626 Eodem
1554 1567 1643 1628 cultu
1667 1568 1700 1628 iu

959 1666 1065 1727 nuruis
1100 1657 1268 1747 comparit
1304 1664 1389 1727 iuba
1406 1667 1448 1728 Il.
1464 1667 1700 1753 'Mauretaniae

958 1787 1028 1829 rex.
1046 1767 1126 1828 Cum
1140 1765 1244 1828 antica
1259 1767 1428 1850 praeclare
1444 1750 1631 1852 conspirant
1646 1767 1700 1830 leo

960 1881 993 1931 et
1024 1889 1124 1952 aper,
1155 1867 1340 1948 famigcrati
1367 1869 1521 1933 Herculis
1557 1869 1700 1932 iabores.

959 1969 1150 2062 Quanquam
1172 1981 1207 2030 et
1225 1968 1260 2029 in
1278 1969 1404 2035 Galliae
1424 1971 1576 2055 propriae
1596 1965 1701 2033 numia

958 2071 1089 2136 obvium
1115 2071 1157 2132 sit
1177 2078 1351 2154 utrumque
1373 2074 1507 2150 animal,
1523 2079 1564 2134 'ut
1587 2073 1718 2136 videre·

959 2175 1070 2238 est'iu
1100 2171 1206 2232 numia
1236 2170 1412 2248 Beterrae,
1445 2175 1582 2258 aliisque
1615 2175 1702 2258 apud

957 2261 1191 2350 Pellerinium,
1206 2286 1243 2334 ut
1258 2272 1342 2336 adeo
1355 2275 1460 2336 rideri
1473 2277 1592 2357 possit,
1607 2297 1625 2337 a
1644 2297 1701 2336 no·

959 2377 1155 2461 ris‘colonis
1178 2387 1271 2458 typos
1294 2375 1396 2442 avitos
1418 2387 1451 2437 et
1470 2388 1602 2441 veteres
1626 2397 1701 2440 suos

958 2489 1126 2542 retentos.

1023 2577 1163 2643 illustris
1193 2557 1379 2642 est'·riumus
1408 2577 1576 2656 Deiotari,
1609 2581 1701 2666 isque

959 2683 1115 2748 hactenus
1135 2679 1267 2758 unicus,
1291 2679 1397 2764 nuper
1416 2701 1457 2743 cr
1478 2699 1591 2744 museo
1608 2683 1703 2746 Ains·

958 2784 1067 2846 licano
1089 2783 1250 2865 vulgatus.
1294 2785 1377 2844 Nota
1409 2797 1458 2846 est
1486 2783 1581 2864 hujus
1610 2787 1700 2867 regis

958 2906 1000 2948 ex
1044 2881 1257 2967 scriptoribus
1300 2885 1502 2966 potissimum
1546 2886 1700 2947 Romanis

957 2985 1104 3049 historia.
1156 2985 1302 3046 Primum
1334 2987 1556 3046 Romanorum
1589 2999 1702 3050 contra

958 3087 1181 3151 Mithridatem
1204 3085 1311 3148 socius
1333 3085 1483 3170 Pompeji
1506 3091 1552 3152 Μ.
1577 3087 1702 3152 benail·

958 3191 1010 3253 cio
1026 3189 1200 3276 Armeniae
1224 3187 1359 3248 minoris
1381 3208 1518 3270 regnum
1548 3211 1621 3252 curn
1640 3181 1729 3252 Ga·'

956 3292 1032 3354 latia
1058 3290 1243 3374 conjungit,
1274 3302 1307 3353 et
1329 3289 1450 3352 amicus
1471 3293 1508 3352 P.
1526 3293 1567 3355 R.
1590 3295 1702 3375 appel-

957 3391 1052 3456 latur.
1097 3393 1134 3452 ln
1165 3393 1255 3454 bello
1292 3391 1382 3456 civili
1409 3393 1559 3476 Pompeji
1591 3409 1701 3477 partes

957 3507 1088 3558 secutus
1110 3495 1236 3576 praelio
1270 3493 1311 3556 asi
1335 3493 1527 3555 Pharsalum
1553 3494 1701 3557 intereat.

956 3597 1024 3660 Per
1052 3598 1188 3657 Brutum
1213 3595 1344 3657 Caesari
1376 3594 1609 3656 reconciliatur
1632 3595 1701 3676 qui-

957 3695 1051 3774 dem,
1080 3691 1139 3759 ced
1167 3691 1312 3758 Galatiae
1337 3695 1512 3757 tetrarchia
1542 3695 1698 3778 privatur.

957 3799 1134 3862 Accusatus
1174 3796 1216 3858 da
1252 3796 1365 3878 positis
1401 3795 1531 3856 Caesari
1554 3795 1700 3858 -insitliis

958 3899 1146 3964 defenditur
1175 3921 1192 3962 a
1222 3899 1383 3960 Cicerone
1423 3895 1588 3974 oratione,
1617 3919 1700 3982 quae

959 4015 1074 4068 exstat.
1124 4004 1161 4062 In
1200 3999 1290 4062 bello
1325 3997 1465 4061 lllvirsli
1494 4000 1598 4060 Bruto
1639 4017 1702 4094 per

957 4105 1127 4188 Amyntam
1155 4101 1295 4164 scribam
1320 4099 1462 4162 subsidia
1494 4099 1609 4178 mittit,
1642 4099 1701 4162 seri

958 4207 1015 4290 qui
1037 4175 1220 4290 opp'ortune
1242 4223 1316 4265 cum
1340 4205 1443 4288 copiis
1462 4201 1502 4265 ad
1522 4202 1699 4264 Antonium

957 4321 1178 4392 transgressus
1198 4305 1454 4370 incolumitatem
1472 4305 1533 4368 sibi
1550 4325 1586 4368 ac
1600 4303 1701 4364 Deio·

957 4422 1029 4474 taro
1066 4409 1199 4496 pararit.
1255 4409 1398 4473 Moritur
1435 4407 1511 4472 satis
1545 4415 1700 4490 provecta

160 4627 1694 4668 ...h-*w

196 4797 227 4870 a)
246 4795 324 4854 Bell.
344 4798 600 4876 Mithr.eap.111.
672 4786 1011 4880 s)1.'.1v.p.m,291‚
1067 4747 1361 4872 '0)*L1v,p,152.
1437 4791 1471 4864 d)
1490 4790 1511 4850 1,
1529 4810 1555 4849 c.

219 4905 315 4984 (Vol.
331 4906 415 4989 ΠΙ.)

1376 4905 1441 4966 Aa
