4264 5472
759 515 1000 638 ἶὀιιιιοιι.
1611 579 1656 642 5,

27 665 60 730 ·
110 703 217 772 dietae
239 703 432 783 Seleuciae,
456 715 495 770 ut
516 704 601 770 adeo
623 705 754 794 utrique
778 710 856 776 vici·
911 711 1003 777 chius
1025 712 1131 780 refert
1153 714 1194 780 ad
1213 737 1335 782 aunum
1354 721 1398 792 V.
1414 721 1449 791 C.
1469 723 1559 804 bah,
1584 747 1652 812 qao

109 827 173 872 nee
194 807 271 870 urbi
292 820 383 902 certa
404 810 585 872 communis
607 810 676 893 typi
699 811 783 874 ratio
808 815 855 877 vi·
911 814 1025 880 Cilicia
1043 839 1061 881 a
1079 831 1194 882 senatu
1209 821 1251 886 tt.
1270 820 1342 886 data
1359 811 1409 888 est
1423 827 1558 912 regibus
1573 830 1654 915 Cap·

108 907 228 971 deatur
257 907 360 974 luisse
389 909 567 993 proposita.
600 911 719 976 Acrius
746 913 855 976 Fretu-
909 914 1067 1000 padociae
1082 917 1251 986 referente
1267 925 1402 994 lutino.
1665 906 1671 918 ⁴

106 1009 220 1072 chium
247 1023 345 1076 vexet
371 1011 553 1094 praefixum
574 1005 668 1090 ΟΛ.,
699 1013 777 1078 dum
798 1015 855 1080 de·
976 1020 1054 1082 ΑΕ.
1075 1021 1212 1086 unuh.
1308 1097 1310 1104 ¹
1356 1057 1361 1080 ·

106 1133 200 1174 muru
227 1113 379 1195 expensis
406 1113 557 1176 omnibus
583 1112 696 1176 mallet
716 1113 855 1180 indicari
1619 1171 1625 1182 .

106 1213 428 1294 concordiameum
462 1213 549 1278 Olba
583 1215 759 1299 Stephani,
797 1217 855 1279 vel
989 1221 1551 1331 ffissvfflnflommcm
1667 1299 1670 1304 1
1741 1203 1744 1212 ’

105 1315 232 1380 Olbasa
257 1317 440 1380 Ptolemaei
468 1315 592 1381 initam.
630 1317 738 1381 Minus
766 1317 855 1380 istud
1554 1313 1563 1334 '
1734 1319 1741 1328 '

103 1417 241 1484 videtur
257 1417 451 1494 verisimile,
467 1435 545 1480 eum
561 1417 677 1481 saltent
693 1423 862 1500 exlnumo'
971 1419 1445 1516 ΕΛΕΊ·ΘΕΡΟΚΙΛΙΚΩᾸιῘς
1509 1433 1652 1506 ΠΡΟΣ.

104 1521 236 1582 nullum
269 1530 423 1604 appareat
458 1519 653 1583 concordiae
684 1519 851 1586 inditium.
909 1521 1011 1592 Tm.
1029 1521 1274 1594 ΠΤΡΑΜΩῙ.
1297 1531 1348 1595 De
1367 1531 1431 1596 hoc
1452 1555 1551 1600 numo
1567 1539 1653 1619 vide,

105 1622 213 1685 Abest
240 1621 328 1686 enim
359 1619 553 1686 vccabulum
586 1619 732 1704 iporeae,
760 1624 852 1688 abest
909 1616 992 1710 duae
1008 1627 1127 1691 dicturi
1139 1651 1255 1694 ,sumus
1270 1631 1427 1718 innueris
1448 1638 1580 1705 Seleuci
1593 1643 1651 1712 vl.

105 1723 232 1807 duplex
251 1736 362 1806 typus,
391 1736 427 1786 et
451 1721 659 1794 concordiam
682 1743 755 1787 cum
779 1726 852 1790 aliis
911 1729 1024 1814 Syriae
1043 1729 1144 1814 regis.
1452 1724 1453 1727 ¹
1644 1741 1648 1744 ’

105 1825 244 1888 ara-bibus
258 1826 404 1892 doluisse
426 1823 563 1903 Cilices,
591 1826 707 1890 saltem
730 1847 772 1890 ex
795 1849 854 1891 nu·
1155 1913 1158 1920 Ἰ

104 1929 169 1990 mis
188 1928 289 1992 certis
304 1946 372 1990 neu
391 1939 528 1990 constat.
1111 1969 1183 2034 EI,
1192 1971 1357 2040 IPHAN
1366 1971 1434 2040 m

169 2029 246 2094 Alia
267 2027 412 2093 occurrit
432 2028 638 2111 conjecture,
663 2049 757 2114 quem
771 2049 853 2094 eru·
1038 2102 1046 2117 ,
1435 2022 1443 2040 ⁸

104 2131 250 2194 diturum
279 2129 334 2194 hie
362 2131 498 2194 arbitrio
527 2128 625 2194 liceat
653 2151 851 2216 proponere.
961 2139 1010 2198 dn
1039 2137 1153 2202 Cilicia
1182 2141 1364 2226 Campeatui
1399 2164 1503 2229 prope
1536 2148 1650 2216 Issum.

103 2236 158 2296 Ex
179 2231 281 2295 Plinii
302 2232 488 2296 testimonie
504 2234 543 2314 ¹).
572 2235 689 2296 Dorou
709 2233 851 2298 vicinum
910 2237 999 2312 Olim
1022 2239 1107 2303 dicta
1129 2243 1317 2305 Oeniandos
1338 2256 1421 2306 testo
1443 2247 1569 2325 Plinio,
1589 2252 1658 2331 aeti¹
1695 2276 1699 2286 ·

103 2337 169 2398 fuit
190 2335 283 2412 urbi,
310 2355 406 2419 quam
428 2335 583 2411 Holmoe,
612 2348 646 2398 et
668 2355 744 2398 mox
767 2336 851 2400 infra
907 2339 1063 2403 Antiochi
1084 2341 1262 2424 Epiphania
1292 2345 1414 2427 gretie,
1445 2361 1480 2408 ut
1503 2365 1656 2428 *censent

101 2438 244 2500 Holmlo
266 2448 378 2514 vocat,
407 2433 542 2498 adsitam
561 2432 661 2514 meri,
690 2458 851 2522 quamque
906 2441 1055 2504 Noriaius
1077 2455 1110 2505 et
1131 2443 1305 2523 Belleyua,
1335 2465 1454 2518 nomeu
1476 2465 1652 2515 commuta·

102 2553 201 2603 antee
221 2539 390 2603 incoluere
414 2537 648 2616 Seleucenses,
678 2553 852 2626 antequam
906 2541 962 2606 rit.
998 2543 1075 2606 Fuit
1097 2545 1194 2608 etiam
1215 2544 1317 2616 altera
1339 2547 1487 2628 ejusdem
1508 2553 1650 2616 nominis

100 2641 293 2706 Seleuciam
315 2638 357 2702 ud
382 2637 598 2722 Calycadnum
622 2662 641 2703 a
664 2642 746 2705 tueri
771 2663 852 2706 non-.
906 2642 941 2706 in
971 2644 1064 2727 Syria
1096 2645 1137 2710 ad
1167 2645 1330 2710 Orontem
1357 2647 1391 2713 ss.
1433 2649 1478 2714 At
1511 2629 1654 2733 multum·

99 2742 185 2804 nihil
207 2743 422 2806 remotiorem
443 2742 640 2825 migrarent,
670 2757 706 2806 ut
732 2757 851 2828 testato.
906 2744 1083 2810 conflictati
1121 2759 1204 2810 suut·
1231 2746 1397 2828 Noriaius,
1438 2751 1648 2834 Veillautiua,

99 2858 159 2908 tur
180 2844 329 2920 Plinius,
355 2843 490 2920 Strabo,
513 2843 708 2926 Stephanus.
741 2847 851 2913 ²Forte
906 2845 1026 2932 aliique
1059 2860 1190 2914 veteres
1219 2848 1394 2934 antiquarii
1422 2851 1457 2931 in
1486 2855 1650 2922 collocen-

97 2947 220 3010 Doron
242 2947 276 3008 in
298 2941 629 3028 Holmensiumagre
650 2947 749 3014 situm
773 2946 850 3026 suit,
906 2945 1036 3010 discite
1052 2950 1158 3030 numia
1176 2949 1386 3033 Epiphaneae
1404 2973 1523 3017 nomen
1540 2972 1648 3023 osteu-

28 3119 36 3132 ,
96 3063 200 3132 atque
230 3061 267 3112 ut
292 3067 367 3111 sese
396 3047 437 3111 ab
464 3047 536 3112 eliis
556 3046 692 3111 urbibus
713 3049 847 3112 nomine
904 3049 1056 3116 tentibus.
1098 3053 1166 3114 Eos
1195 3052 1352 3134 Belleyue
1381 3074 1542 3120 novorum
1566 3082 1648 3145 sup·
1690 3061 1734 3132 ³,

96 3149 201 3213 adlini
221 3149 455 3234 distingueret,
486 3143 574 3234 agri,
605 3149 639 3210 in
661 3169 727 3235 quo
749 3151 846 3212 situm
896 3143 1145 3232 ,plementor‘cm
1175 3153 1319 3217 subsidio
1348 3157 1470 3220 oertiua
1499 3158 1649 3226 definivit

94 3241 209 3330 crat,'
232 3253 432 3316 mentionem
470 3251 611 3329 addidit,
651 3251 845 3335 scripsitque
902 3249 937 3311 in
968 3251 1119 3336 elegante
1150 3253 1376 3320 dissertatione
1406 3258 1448 3320 de
1475 3261 1645 3348 utriusque

93 3353 201 3416 adeo:
236 3349 314 3420 ΟΛ.
335 3350 556 3416 ΔωΡΕωΝ.
591 3353 696 3416 Forte
724 3373 844 3438 vacuos
901 3351 992 3415 urbis
1013 3353 1119 3421 numia
1142 3354 1183 3434 b).
1225 3358 1316 3420 luter
1343 3359 1404 3420 hos
1430 3382 1546 3426 numos
1568 3365 1646 3449 Epi·

93 3455 347 3519 Seleuceusium
374 3453 520 3519 discessu
541 3454 680 3518 Holmoe
708 3473 844 3538 occupa·
900 3455 1047 3537 phaneae
1074 3456 1208 3538 nomine
1235 3457 1408 3542 inscriptos
1434 3482 1506 3528 ease
1534 3464 1645 3530 distin-

90 3577 176 3621 vere
206 3557 332 3634 Dones,
372 3575 558 3642 quoscum
590 3555 738 3633 aliunde,
763 3569 841 3617 tum
900 3556 1083 3638 guendum,
1105 3557 1250 3624 docuere
1272 3559 1372 3624 additi
1392 3563 1537 3646 epochae
1556 3566 1642 3631 enni.

91 3657 281 3722 adcuratius
316 3680 358 3723 ex
387 3657 547 3722 Strabone
579 3669 722 3733 constat,
759 3657 841 3719 mul·
898 3658 980 3720 Nam
1008 3678 1082 3722 cum
1109 3659 1143 3721 in
1161 3680 1232 3724 uuo
1254 3658 1413 3725 Gordiani
1431 3685 1530 3729 numo
1551 3667 1643 3750 lege·

91 3777 161 3823 tum
182 3781 244 3843 per
260 3762 369 3824 Asiam
389 3761 550 3823 minorem
568 3757 669 3824 luisse
689 3773 839 3843 vagatos,
896 3771 990 3822 retur
1005 3761 1209 3840 annusuolt„
1224 3761 1260 3822 in
1273 3763 1545 3845 elteroejusdem
1559 3767 1643 3831 Gor·

90 3864 278 3950 urbemque
301 3862 343 3924 de
368 3883 404 3925 se
425 3864 542 3925 Dorou
569 3859 700 3938 dixere,
729 3859 839 3924 addito
896 3860 985 3925 dieni
1001 3881 1103 3924 annus
1120 3861 1211 3940 too,
1228 3879 1466 3945 necesseerat,
1484 3868 1565 3932 elios
1583 3891 1641 3933 nu·

89 3965 259 4028 tamenin
276 3983 393 4043 numo,
421 3977 457 4027 ut
480 3981 578 4046 saepe
601 3961 679 4025 alias
699 3959 838 4040 fectum,
896 3981 968 4028 mos
993 3961 1185 4027 tribuendos
1208 3965 1304 4045 huic,
1338 3966 1419 4030 alios
1441 3968 1538 4034 alteri
1555 3971 1639 4057 tupi-

89 4081 209 4130 retere
237 4065 327 4128 urhis
351 4065 503 4142 nomine,
533 4077 569 4127 ut
589 4063 672 4128 adeo
693 4065 836 4128 Holmoe
891 4063 1052 4148 phaneae.
1084 4065 1165 4128 Cum
1192 4087 1274 4132 vero
1296 4089 1339 4132 ex
1360 4071 1466 4134 numis
1492 4087 1636 4154 constet,

91 4182 126 4232 et
142 4141 278 4246 Dorou,
300 4167 387 4230 inter
409 4187 490 4252 quae
511 4165 636 4228 Plinius
658 4165 836 4248 distinguit,
894 4185 1002 4229 aeram
1028 4167 1239 4250 Epiphaneae
1254 4170 1377 4254 *Syriae
1403 4172 1565 4257 figendam
1595 4177 1637 4242 ad

91 4272 202 4356 reipsa
221 4289 285 4332 une
305 4268 485 4355 eademque
506 4267 583 4331 urbs
603 4269 734 4335 fuerint.
768 4269 836 4332 Sed
891 4286 1010 4330 annum
1024 4267 1065 4336 V.
1082 4270 1118 4335 C.
1135 4272 1222 4353 hon,
1240 4271 1446 4336 menifestum
1462 4290 1526 4354 est,
1543 4277 1634 4354 ulios,

92 4373 176 4437 haec
198 4391 267 4458 per
296 4371 400 4438 eclam
429 4371 650 4454 conjecturam
676 4371 836 4452 disputata
891 4387 1031 4456 quorum
1062 4371 1137 4432 enni
1169 4372 1275 4436 numis
1301 4374 1450 4458 inscripti
1474 4399 1546 4441 cum
1573 4378 1633 4441 hac

93 4489 199 4539 emto.
467 4517 472 4524 .
527 4543 530 4554 Ι
891 4491 967 4534 aera
984 4473 1137 4556 componi
1150 4493 1216 4535 non
1235 4488 1384 4555 possunt,
1403 4497 1476 4560 esse
1492 4477 1634 4561 Epipha-

153 4579 311 4662 Epoelrae
342 4555 460 4639 anndm
488 4571 584 4638 BOC.
614 4591 686 4656 ³72·
731 4572 838 4636 Froli·
891 4591 974 4637 neae
993 4571 1136 4639 Ciliciae.
1158 4575 1238 4659 Ejus
1256 4577 1405 4662 generis:

128 4791 159 4860 a)
177 4787 256 4852 nv.
272 4805 356 4864 pm.
372 4767 435 4850 tto·
510 4739 545 4858 o)
564 4783 639 4842 nu.
656 4783 928 4862 uxxvneaou
