4212 5462
452 557 499 647 [ρο
673 617 681 624 .
1024 521 1033 544 “
1105 551 1335 628 cuneta,

457 749 533 794 uem
554 725 706 790 habuisse
728 723 902 808 epocham,
931 743 1069 808 eumque
1092 722 1202 806 Augu·
1291 727 1297 734 '
1491 723 1775 808 Imperatorii.

460 843 526 896 atae
541 849 634 904 aera,
655 841 691 889 ut
704 826 789 890 infra
802 826 946 900 dicetur,
968 824 1121 888 adcurate
1137 825 1201 888 lixa

456 933 499 995 ait
515 929 556 993 ad
570 942 757 996 autumnum
781 927 854 990 anui
876 927 918 994 V.
937 927 973 992 C.
988 923 1079 1008 77³..
1108 923 1200 1008 prior
1299 927 1330 988 A
1347 923 1493 988 Domitia
1508 943 1611 1008 utque
1629 927 1671 991 nd
1686 927 1907 996 Valerianum.

458 1034 555 1097 etiam
573 1029 737 1094 Anazarbi
760 1049 837 1093 aera
853 1027 894 1092 ad
919 1025 1059 1112 eundem
1081 1045 1199 1088 aunum
1301 1023 2003 1109 EpigraptaeaNcMo'rPlessotmNe·

457 1133 587 1197 videtur
602 1129 742 1213 figenda.
777 1129 887 1221 Quare
907 1129 1003 1192 etiam
1022 1126 1199 1190 seeundum
1256 1123 1494 1193 ΜΟΡΙΕΩΝ.
1549 1157 1551 1166 ·
1814 1131 1818 1140 ’

459 1235 544 1297 hano
575 1232 755 1296 doctrinam
786 1229 909 1324 duplex
935 1227 1098 1290 Anazarbi
1124 1247 1200 1291 uera
1301 1227 1403 1312 'l'ypit
1422 1231 1538 1292 Diana
1549 1229 1708 1312 Alpheon
1709 1230 1837 1314 fasciis
1848 1236 2005 1298 involuta

457 1334 645 1400 neoeaannio
668 1329 836 1394 statuenda
858 1343 924 1406 eet,
945 1329 1039 1414 prior
1059 1329 1099 1392 ab
1115 1349 1199 1393 auno
1258 1333 1392 1410 veloque
1414 1331 1623 1394 circumdata
1647 1351 1722 1392 cum
1753 1335 1864 1394 tutelo
1886 1337 1919 1398 d.
1941 1339 2005 1400 nli·

459 1439 501 1506 V.
522 1439 558 1502 C.
572 1435 645 1520 773.
663 1455 705 1497 ex
722 1435 786 1496 hoo
801 1429 944 1495 Neronia
958 1451 1073 1508 numo,
1098 1430 1201 1493 altera
1259 1435 1517 1514 quidignotum,
1533 1454 1559 1495 s.
1570 1435 1721 1508 securim,
1736 1431 1830 1498 Alex.
1841 1433 1917 1500 Sev.
1940 1437 2004 1498 Hia

458 1539 498 1602 ab
516 1557 600 1602 auno
617 1537 659 1604 V·
675 1535 712 1600 C.
728 1533 800 1619 735.
819 1553 860 1598 ex
872 1532 977 1597 uumio
994 1530 1130 1597 laudatio
1146 1530 1201 1594 de*
1259 1532 1370 1599 veubia
1389 1553 1521 1595 numum
1539 1531 1697 1596 describit
1714 1533 1920 1601 Vaillautiua.
1954 1537 2004 1598 Si·

459 1651 647 1704 monstrata.
1259 1635 1345 1698 milia
1364 1633 1510 1725 ejusdem
1529 1633 1708 1698 Alexandri
1724 1648 1828 1699 exstat
1842 1635 1877 1696 in
1894 1636 2004 1700 Theu-

524 1740 604 1805 ΑΕ,
624 1740 664 1802 R,
1259 1735 1545 1819 poli-Perseus
1557 1749 1652 1799 stans
1663 1735 1757 1799 cultu
1769 1739 1887 1814 solito,
1902 1741 2006 1803 Maxi·

1053 1859 1057 1866 “
1261 1837 1350 1912 mini,
1369 1835 1440 1900 ΑΕ.
1459 1856 1502 1898 m.
1519 1856 1562 1896 m.
1579 1837 1694 1916 (Catal.
1711 1837 1902 1922 d'Enneay.)

688 1943 970 2040 ANCHIALE·
1303 1939 1531 2018 Magistratus
1551 1949 1699 2020 praetor,
1728 1939 1843 2002 saltem
1864 1944 2006 2006 auctoni·

1086 2061 1091 2070 ·
1260 2051 1326 2102 tate
1361 2034 1544 2104 Vaillantii:
1596 2036 1694 2103 CTP.
1739 2035 1852 2102 ANT.
1891 2039 2008 2104 ΑΝΕ-

524 2144 756 2206 Autonomum
790 2139 866 2202 huie
893 2139 966 2201 urbi
998 2137 1155 2202 tributum
1184 2159 1203 2202 a
1259 2134 1529 2204 ΜΟΤΡΙΕΩΝ.
1553 2141 1740 2204 Harduinua
1763 2162 1896 2206 numum
1913 2143 2006 2207 diasi-

460 2247 487 2308 F
490 2241 629 2308 riilichio
648 2263 714 2312 non
728 2243 793 2306 huc
811 2243 997 2324 pertinere,
1019 2240 1079 2304 aed
1092 2241 1205 2304 Antio·
1262 2237 1378 2315 molet,
1414 2259 1521 2324 neque
1548 2241 1631 2304 alter
1656 2242 1771 2328 aliquia
1796 2243 1891 2328 lth'ua
1913 2245 2004 2309 urbis

462 2345 567 2409 chium
589 2345 722 2422 Cariae,
754 2343 995 2428 legendumque
1023 2363 1098 2406 eata
1127 2339 1207 2404 ’ΛΝ-
1245 2359 1338 2436 ⁸cum
1354 2341 1542 2424 magistratu
1558 2344 1686 2412 citatur.

463 2443 702 2523 ΤΙΟΧΕΩΝ,
716 2465 784 2508 nou
798 2435 1106 2521 ΑΝΧΙΑΛΕΩΝ,
1128 2443 1205 2508 aliun
1325 2441 1426 2505 Anni
1455 2447 1604 2520 imperii.-
1643 2443 1713 2506 ΕΤ.
1744 2445 1783 2508 Δ.
1812 2447 2004 2516 Alexandri.

463 2548 574 2610 monui
591 2549 630 2627 ¹).
1262 2543 1421 2626 (Theop.)
1441 2541 1512 2605 ΕΤ.
1527 2540 1582 2608 ΙΓ.
1599 2546 1756 2627 ejusdem.
1782 2549 1913 2632 (Vaill.)
1936 2549 2006 2616 ΕΤ.

523 2647 759 2726 Imperatoriae
774 2666 792 2707 e
807 2645 903 2708 variis
918 2645 1055 2730 propter
1069 2645 1206 2729 insorip-
1264 2643 1492 2722 Antoninian,
1515 2646 1630 2727 (Catul.
1650 2647 1846 2733 d'Ennery.)
1871 2649 1944 2716 ΕΤ.
1964 2651 2006 2718 Α.

461 2747 584 2809 tionem
607 2740 899 2808 ΑΝΧῙΑΛΕΩΝ
917 2747 982 2810 huo
1001 2759 1132 2812 voeatoa
1149 2746 1207 2809 tri-
1261 2745 1374 2819 Deoii‚
1410 2735 1557 2829 (Tauini)
1588 2749 1660 2816 ET.
1689 2748 1728 2815 Β.
1751 2747 1792 2814 Γ.
1820 2752 2005 2828 Valeriani,

460 2845 609 2910 bueudoa
633 2845 743 2910 verius
775 2845 935 2910 Anchialo
959 2847 1136 2926 Thraciae,
1170 2848 1205 2910 in
1262 2847 1377 2930 (vaill.
1398 2849 1483 2912 Mna.
1501 2847 1609 2930 Caes.)
1629 2847 1698 2912 ΕΤ.
1719 2851 1758 2916 F.
1785 2853 1952 2936 ejusdem,
1973 2859 2007 2918 in

462 2947 523 3012 ltao
539 2946 670 3010 dietum.
1262 2969 1379 3026 numo,
1401 2968 1498 3033 quem
1515 2949 1583 3017 vidi
1595 2951 1821 3021 Vindobonee.

434 3117 441 3131 ι
527 3049 658 3112 Nullam
683 3067 765 3134 ergo
788 3059 908 3113 certam
932 3045 1089 3113 habenae
1110 3049 1203 3132 hujus
1236 3069 1239 3076 ’
1307 3051 1386 3114 ΑΕ.
1405 3051 1480 3118 ntt.

464 3151 554 3215 urbia
570 3163 744 3218 monetam.
1219 3162 1223 3168 ’

1305 3288 1603 3354 ANTIOCHIA
1619 3293 1814 3374 udSarum‚
1834 3291 1920 3377 quae
1935 3311 1970 3360 et

667 3387 999 3460 ANEMVRlVM.
1537 3392 1730 3460 ADANA.
1762 3409 1763 3414 ’

528 3557 564 3615 lu
591 3553 704 3618 Cilicia
732 3575 846 3638 aspera
873 3577 947 3620 oum
981 3557 1206 3642 promontorio
1329 3557 1518 3646 Geographi
1535 3575 1668 3628 vetares
1692 3575 1727 3627 et
1740 3566 1831 3628 numi
1848 3564 1944 3631 binae
1960 3589 2015 3631 uu·

465 3655 671 3738 cognomine.
1260 3659 1319 3722 bea
1333 3659 1374 3720 ad
1393 3660 1508 3725 Sauum
1533 3663 1568 3728 ss.
1587 3681 1790 3744 memorant,
1812 3667 1965 3734 odanam
1979 3685 2014 3735 et

1225 3803 1233 3824 .
1262 3761 1487 3847 Antiochiam
1519 3787 1581 3849 pro
1597 3767 1710 3831 Adanu
1722 3769 1799 3834 vide
1823 3771 2014 3834 testimonia

717 3893 830 3958 Am
838 3917 885 3959 Μ
891 3919 921 3960 m
929 3901 953 3961 i.
1263 3865 1349 3946 apud
1375 3866 1568 3946 cellarium,
1602 3889 1664 3952 pro
1690 3871 1865 3936 Antiochia
1894 3895 2016 3938 numos

1264 3978 1440 4046 sequentes
1460 3981 1546 4032 tren:

531 4055 639 4136 Caput
668 4059 826 4122 muliebre
861 4065 1006 4125 volutum
1040 4066 1207 4127 turritum.
1284 4105 1290 4116 .
1330 4067 1437 4147 Caput
1467 4069 1637 4134 Antiochi
1662 4071 1723 4136 IV.
1756 4073 1879 4157 Syriae
1912 4085 2016 4160 regis.

465 4153 489 4215 Ξ
519 4151 895 4224 ΑΝΕΜΩΤΡΙΕΩΝ.
938 4164 1073 4226 Iuvenis
1098 4167 1206 4228 nudus
1263 4161 1606 4236 ΞΑΝΤΙΟΧΕΩΝ.
1616 4169 1736 4240 ΤΩΝ.
1752 4169 1894 4246 ΠΡΟΣ.
1910 4177 2017 4246 ΤΩΙ.

465 4269 559 4319 stans
579 4259 610 4320 d.
636 4277 750 4318 arcum
770 4263 958 4340 protendit,
989 4286 1015 4326 s.
1034 4263 1206 4328 columnae
1262 4261 1427 4332 ΣΑΡΩΙ.
1449 4270 1601 4352 Iuppiter
1618 4277 1744 4342 sedens.

465 4360 614 4422 innixus.
635 4359 705 4418 ΑΕ.
722 4359 764 4434 ΙΙ.
785 4359 974 4445 (Pelleriu.)
1321 4368 1386 4430 llio
1407 4389 1525 4432 numua
1544 4371 1674 4456 iguo'tam
1701 4375 1803 4440 fuerit
1822 4378 2016 4456 Frolichto,

529 4459 610 4522 ΑΕ.
629 4457 766 4524 ttttltlt.
864 4473 867 4476 “
1261 4468 1577 4536 naminAnnalibua
1597 4475 1832 4559 auiaejuauon
1849 4486 2016 4562 meminit,

1009 4639 1014 4646 .
1261 4588 1369 4652 neque
1401 4589 1477 4634 eum
1507 4573 1701 4642 Vaillentiua
1731 4581 1766 4642 in
1796 4582 1864 4646 auia
1897 4585 2017 4668 Syriae

501 4762 532 4832 a)
551 4761 637 4822 Num.
653 4777 713 4822 vet.
726 4783 757 4842 p.
767 4775 811 4830 55.
