4196 5458
679 503 1024 582 ruocumm·
1536 457 1611 610 ὅρι’

259 679 378 757 iugens
396 677 448 736 ais
470 675 613 749 Oceani,
910 673 1049 738 Eande-
1060 674 1253 742 Vaillentiue
1270 677 1311 742 acl
1327 677 1396 776 typi
1407 683 1604 769 explicatum

106 779 198 844 Vade
218 777 461 862 oraaesfluuii,
484 787 518 838 ct
539 788 646 838 totum
666 795 772 852 mare,
858 772 994 846 advocat
1012 775 1184 842 Platonem
1200 781 1252 863 ο)ε
1286 783 1384 846 Circa
1405 784 1602 851 Naucraten

105 885 148 948 Et
164 877 418 959 amarescater,
439 889 472 939 et
484 881 581 962 putei
596 876 662 938 atre·
670 877 801 961 fluunt.
859 882 1013 964 Aegypti
1025 881 1212 962 priscarum
1232 883 1518 966 quendumfuisae
1528 889 1604 952 dec-

105 981 194 1076 Quos
217 999 332 1044 reraua
351 977 501 1062 proxima
519 990 568 1042 eat
587 975 728 1040 imitatus
747 997 804 1043 ve·
859 1003 950 1059 rum,
972 983 1324 1060 emarcescente,
1345 1005 1444 1066 auam
1459 988 1535 1050 Ihirr
1550 1008 1608 1050 uc·

69 1101 129 1162 tue,
146 1095 179 1146 ct
197 1081 474 1146 incertareuctor
491 1079 525 1140 in
541 1079 631 1146 Veto
646 1080 687 1142 ad
702 1078 807 1144 Ocea·
854 1089 957 1160 cam,
973 1085 1033 1144 dec
1050 1094 1161 1144 cutem
1176 1087 1246 1165 'ipsi
1261 1105 1378 1148 acmen
1397 1087 1511 1152 Tlteut.
1546 1089 1608 1153 Ect

68 1207 157 1250 rum:
178 1180 403 1270 (Werucdorf
411 1181 506 1246 Poct.
514 1181 587 1247 Lat.
603 1181 680 1246 min.
696 1183 737 1250 T.
747 1182 805 1252 tv.
862 1183 917 1247 bic
938 1182 1176 1267 Aegyptiorum
1197 1185 1393 1254 Mercurium
1430 1189 1515 1254 Tum
1536 1191 1605 1274 Hy·

69 1313 97 1374 p.
109 1289 201 1370 aaa.)
662 1346 664 1354 ,
863 1286 974 1371 girum
990 1284 1042 1367 d),
1067 1284 1147 1348 dece
1170 1305 1249 1367 praa
1268 1286 1443 1370 Gigantum
1458 1303 1549 1356 metu
1569 1293 1605 1355 in

111 1389 154 1452 Ter
168 1386 316 1470 pelagus
333 1387 547 1468 quodeunque
554 1389 666 1470 facie,
676 1387 808 1469 scater·
863 1391 1048 1476 ¹Aegyptum
1069 1385 1228 1472 profugos
1248 1386 1282 1450 ia
1299 1389 1403 1454 variae
1423 1410 1459 1454 aa
1477 1391 1607 1458 formai

460 1507 522 1566 que
540 1487 715 1565 lacusque,
862 1501 1021 1566 mutuam,
1038 1489 1243 1552 Mercurium
1250 1491 1388 1572 factum
1403 1489 1569 1560 esserim

106 1589 264 1656 Flumina
280 1591 361 1670 quia
378 1590 482 1652 etiam
500 1599 534 1650 te
554 1599 675 1648 recrurrt
695 1588 807 1654 amaia
864 1641 868 1650 .
925 1590 1061 1654 Silenus
1071 1591 1172 1667 jueta
1184 1590 1334 1673 palmam
1349 1606 1444 1658 etuas
1455 1596 1607 1659 baccare·

459 1699 603 1768 patrem.
662 1751 665 1758 ,
863 1691 958 1755 blata
974 1694 1113 1754 dextera
1129 1693 1275 1784 indicat,
1287 1693 1605 1780 Elagabali.(Vail-l.)
1626 1685 1631 1696 ¹

104 1795 215 1859 Etiam
230 1811 352 1856 cornua
366 1790 417 1855 illi
434 1811 507 1854 cum
520 1788 707 1852 flaminibus
719 1811 809 1854 eom·
865 1791 988 1857 Solitas
1007 1791 1156 1856 coloniae
1173 1805 1286 1876 typar,
1307 1793 1350 1858 de
1369 1818 1434 1882 quc
1453 1797 1542 1863 alibi.
1598 1831 1603 1844 -

71 1899 190 1972 munia,
214 1893 274 1958 ced
291 1907 326 1958 et
344 1913 530 1974 raugurarcr
552 1892 665 1968 illum,
686 1891 720 1954 id
738 1906 806 1956 ectr
926 1895 1057 1958 Mulier
1072 1897 1230 1958 insistere
1243 1898 1325 1958 auci
1334 1899 1367 1966 d.
1382 1913 1561 1982 sceptrum,
1578 1923 1606 1964 s.

72 2000 293 2079 rauricipitem
313 1997 441 2061 vocarit
459 1993 637 2078 Euripidae
653 1995 693 2076 ¹).
865 1997 1099 2072 acrcetclium‚
1122 1995 1356 2060 restauratae
1375 2011 1411 2062 et
1426 2001 1525 2064 illinc
1542 2003 1607 2064 dua

325 2139 345 2181 ,
428 2095 448 2132 ⁴*
532 2141 552 2182 4
861 2097 970 2182 puelli
995 2099 1096 2172 aurii,
1126 2115 1265 2174 auorum
1297 2120 1384 2164 unuc
1412 2119 1542 2182 aquam·
1564 2120 1610 2166 eu

125 2199 290 2262 Herculea
305 2199 413 2260 aurius
430 2211 524 2262 staas
544 2201 712 2273 adaram,
732 2197 809 2274 jux·
865 2219 950 2262 uraa
971 2200 1008 2260 in
1025 2218 1116 2260 mare
1132 2199 1293 2284 effundit,
1316 2201 1405 2272 alter
1427 2204 1458 2264 d.
1482 2202 1609 2285 delphi-

72 2317 103 2364 ta
121 2303 207 2363 cuae
227 2311 342 2381 petrae
366 2297 588 2379 Ambraciae,
611 2298 813 2376 Caracallum
864 2321 960 2373 aum,
978 2321 1003 2360 s.
1014 2301 1139 2378 piscem
1157 2311 1261 2380 terret,
1280 2299 1459 2386 Elagabrli.
1483 2303 1607 2384 (Pelle-

72 2400 282 2477 orchomeni,
300 2399 478 2467 Valeriani.
498 2404 626 2486 (Vaill.)
863 2401 916 2464 riu
933 2397 1047 2482 Suppl.
1063 2399 1103 2460 11.
1126 2419 1159 2481 p.
1176 2400 1245 2481 54.)

125 2501 285 2568 Herculia
305 2502 515 2588 perantiquus
539 2506 619 2588 'I'yri
641 2502 748 2566 eutem
766 2517 809 2562 et
931 2506 992 2566 Vir
1008 2503 1167 2563 audacia
1183 2506 1263 2566 aaui
1278 2515 1419 2586 utraque
1434 2511 1536 2569 ma'rru
1551 2526 1610 2572 eu·
1646 2574 1647 2584 ,

73 2607 222 2668 hactenus
238 2603 335 2666 dictis
355 2603 481 2670 abunde
501 2609 662 2692 cognitur.
684 2605 810 2668 Memo·
865 2619 976 2680 tenta,
994 2600 1138 2684 Philippi
1155 2621 1223 2666 aen.
1237 2617 1272 2668 et
1285 2605 1438 2674 Gallieni.
1453 2607 1586 2692 (Vaill.)
1684 2659 1688 2666 .

72 2707 253 2782 recteest,
276 2705 519 2771 eundembuue
535 2721 645 2792 typum
659 2704 732 2769 unia
745 2705 808 2785 Ty·
926 2703 1105 2788 Vtriusque
1140 2703 1233 2768 numi
1264 2721 1493 2791 argumentum
1526 2707 1607 2772 mihi

72 2809 309 2893 riiaproprium
324 2822 453 2872 exstare
470 2810 567 2874 etiam
584 2807 810 2872 innumoota·
864 2809 1022 2893 ignotum.
1601 2803 1604 2812 '

73 2913 147 2974 aar
164 2911 333 2994 Aegaeum
353 2911 503 2990 cama,
522 2933 601 2998 qua·
619 2910 708 2980 vtae.
1123 2938 1144 2976 ι
1226 2889 1247 2928 ·
1331 2937 1352 2977 ι

129 3013 275 3074 Astarte
299 3015 449 3076 tutulatu
469 3027 564 3078 stares
589 3019 621 3080 d.
644 3014 811 3094 contingit
922 3016 1076 3092 Purpura
1087 3029 1133 3074 ex
1150 3009 1348 3074 concharum
1363 3031 1499 3096 genere.
1516 3015 1609 3080 Haec

74 3116 269 3178 adstitutum
296 3125 489 3194 tropaeum,
520 3139 546 3180 s.
572 3116 725 3190 bartam,
755 3114 813 3176 cui
868 3113 1071 3196 singulorum
1088 3111 1160 3174 fere
1174 3131 1347 3176 rumorum
1362 3115 1511 3178 coloniae
1529 3116 1610 3196 Tyri

77 3215 261 3278 Victoricla
297 3215 494 3279 columellae
530 3221 688 3280 tartareas
722 3233 812 3277 carc·
868 3235 978 3280 arcam
993 3213 1122 3278 insidet.
1144 3216 1180 3273 ln
1196 3213 1302 3276 numia
1312 3213 1462 3299 Aquiliae
1479 3213 1610 3280 ethr·

75 3337 146 3380 aum
161 3317 277 3402 affert,
297 3317 377 3380 biae
388 3318 552 3399 parvulus
572 3317 704 3380 Silenus
717 3328 813 3380 stans
868 3316 956 3380 diani
969 3315 1002 3378 ia
1020 3315 1086 3378 imo
1101 3327 1273 3401 segmento
1291 3327 1342 3377 eet
1361 3317 1462 3378 Carris
1475 3317 1522 3378 ad
1530 3335 1608 3398 pur·

74 3421 119 3486 (ia
142 3421 226 3482 aliis
246 3417 389 3499 promae
404 3421 533 3502 palma)
557 3423 633 3482 iada
652 3438 811 3503 purpura,
865 3439 984 3503 puram
1001 3420 1166 3480 accedem-
1189 3415 1321 3500 (Vaitl.)
1343 3417 1473 3480 Bocaut
1489 3415 1525 3478 ht
1541 3417 1609 3501 typi

72 3539 302 3598 nonuunquam
323 3522 436 3583 eadem
453 3519 597 3583 Astarte
620 3525 712 3585 intra
731 3533 810 3584 tem·
866 3521 1031 3586 inventam
1050 3519 1135 3603 apud
1154 3518 1272 3602 Tyriae
1290 3539 1478 3602 purpuram.
1516 3519 1609 3595 Nam,

69 3621 167 3699 plum.
199 3622 311 3704 Typue
328 3621 452 3688 obrius.
866 3635 903 3684 ut
928 3621 1048 3685 docent
1077 3621 1168 3686 Facti
1195 3619 1298 3684 Siculi
1329 3640 1371 3682 ex
1398 3619 1608 3702 Palaephato,

135 3723 192 3785 De
208 3721 353 3788 Astartea
377 3723 464 3808 apud
487 3724 605 3808 Tyrios
629 3721 810 3788 bonorihue
865 3721 955 3787 cunia
972 3723 1059 3786 forte
1078 3723 1111 3784 ia
1130 3721 1230 3786 maria
1246 3721 1344 3784 litora
1361 3727 1537 3804 purpuram
1554 3721 1610 3784 de·

72 3825 194 3906 egimue
214 3825 250 3886 in
270 3827 464 3896 autonomie.
496 3825 692 3900 Addendum
709 3823 812 3888 Tullii
867 3844 1004 3909 pascens
1030 3843 1104 3888 cum
1125 3823 1169 3887 ad
1193 3836 1358 3908 pastorem
1383 3835 1610 3890 reverteretur

72 3926 242 3990 oraculum·
251 3923 305 4010 1’)ε
333 3927 464 4012 Quarta
481 3933 594 3994 Vereue
611 3931 729 4013 Syria,
751 3927 813 4012 Ty·
867 3947 927 3990 ore
960 3946 1000 3988 ex
1030 3919 1104 4007 ejus¹
1130 3945 1230 3990 cucco
1254 3922 1459 4000 rubicundo,
1488 3921 1608 4010 hicque

72 4047 167 4108 reque
192 4041 370 4113 concepta,
391 4051 476 4110 quae
494 4032 639 4100 Astarte
664 4025 811 4106 vacatur,
867 4027 1057 4111 eanguinem
1081 4039 1229 4109 putaret,
1251 4025 1361 4110 coepit
1376 4045 1414 4089 ce
1430 4023 1518 4090 cunia
1535 4024 1609 4090 lana

72 4148 168 4206 auam
182 4131 341 4196 Adonidi
361 4137 510 4214 auprirre
526 4135 690 4198 traditum
709 4144 770 4198 est.
868 4129 1080 4212 abstergere,
1103 4147 1186 4212 quac
1206 4127 1270 4192 boc
1289 4148 1387 4192 cucco
1412 4126 1512 4189 tincta
1533 4145 1609 4189 cam

132 4233 327 4296 Mercurius
346 4248 443 4299 stane
461 4237 500 4312 ei„
516 4236 689 4310 baculum,
713 4255 739 4295 r.
759 4253 814 4296 ca·
869 4231 1023 4296 continuo
1045 4225 1269 4293 admirabilem
1292 4230 1440 4294 colorem
1464 4227 1610 4313 praeser-

73 4334 224 4412 dueeum,
237 4355 299 4416 pro
308 4337 448 4416 pedibus
461 4335 548 4415 Ibis,
562 4333 740 4414 Valeriani,
757 4333 813 4398 Sa·
868 4346 943 4411 ret,
972 4329 1059 4394 istud
1080 4331 1270 4414 intelligens
1293 4329 1456 4394 Herculea
1490 4329 1608 4414 Tyriae

72 4433 210 4500 lonicae.
232 4435 364 4520 (Vaill.)
671 4469 674 4472 ·
868 4435 1083 4520 pbiloacpbue
1108 4433 1155 4498 ibi
1172 4432 1259 4498 forta
1286 4431 1496 4497 obambulare
1521 4448 1610 4493 arca·

75 4667 458 4818 distortum-1577·
549 4665 1030 4744 b)1ta.neor.1e.11Lece.‚
1106 4663 1137 4735 e)
1155 4662 1187 4720 ia
1205 4656 1351 4717 Phaedra.
1437 4655 1471 4728 d)
1492 4657 1613 4715 Acuca.

101 4803 108 4816 .
156 4799 163 4814 ι
189 4777 215 4816 t·
231 4768 276 4823 28·
