4196 5458
479 589 637 669 ιινιιι
671 579 1343 672 rnmctrvutvutean.
1539 547 1544 554 ’
1608 605 1684 685 ιιι

204 761 379 830 Helenam
396 781 487 829 suam
505 778 620 850 agunt,
643 764 699 851 qui
715 763 800 830 bauo
817 785 889 831 aan-
945 767 1034 852 qnod
1060 765 1156 851 buius
1177 765 1310 831 nomine
1331 745 1405 829 sunt
1425 761 1594 852 intempti3
1623 759 1690 832 non

136 864 277 930 tentiam
307 877 441 930 tuentur
469 879 664 950 propterea,
698 866 772 952 quia
803 868 888 932 ‹ttffi-
945 883 1020 955 post
1042 869 1262 946 Hadrianum,
1293 865 1382 952 quod
1406 867 1513 931 exacti
1540 867 1604 932 hoc
1631 869 1691 932 im·

136 967 205 1032 cile
233 979 285 1031 eat
312 967 495 1052 explicare,
527 969 597 1052 quis
626 970 773 1038 Simeoni
799 973 887 1034 Mac·
944 981 1080 1057 perante
1098 989 1139 1034 ex
1157 969 1275 1032 Iudaea
1290 968 1437 1033 Hebraei
1462 981 1496 1032 at
1516 979 1585 1032 toto
1609 969 1691 1034 orbe

135 1068 287 1133 cbabseo
315 1087 418 1132 nexus
446 1069 489 1132 eit
515 1089 588 1132 cum
617 1083 722 1160 aetate
745 1071 886 1154 Trajani.
945 1073 1086 1156 dispersi
1114 1089 1180 1134 non
1208 1071 1346 1156 amplius
1373 1069 1408 1132 iu
1434 1089 1531 1132 uuam
1559 1083 1692 1152 gentem

135 1171 324 1254 Antequam
355 1169 442 1232 istud
472 1191 556 1253 ago,
594 1173 743 1234 nonnihil
764 1158 889 1237 immo·
945 1175 1119 1252 coaluere,
1145 1175 1238 1236 nullo
1258 1171 1340 1237 adeo
1357 1185 1508 1235 menatae
1525 1169 1692 1258 propriae,

136 1271 279 1335 randum
295 1285 493 1336 memoratae
509 1293 607 1356 supra
621 1273 799 1338 Henrionia
816 1295 888 1340 eeu·
946 1289 980 1340 et
1009 1277 1121 1359 lingua
1151 1274 1254 1357 petria
1283 1271 1448 1356 loquentis
1478 1271 1591 1337 futuro
1620 1295 1694 1338 usu·

135 1374 282 1452 tentiae,
316 1393 377 1458 qua
407 1374 435 1436 is
465 1375 588 1451 sanxit,
626 1395 741 1440 numos
772 1395 886 1439 omnes
943 1379 1030 1440 Intra
1054 1377 1115 1440 bos
1145 1374 1264 1438 limites
1286 1393 1352 1437 non
1375 1373 1465 1437 aliud
1488 1373 1606 1436 horum
1635 1393 1695 1436 nu·
1735 1395 1738 1403 ¹

137 1475 307 1540 Simeonis
327 1495 448 1538 nomen
469 1475 697 1560 praeferentes
718 1497 785 1539 nou
812 1495 886 1541 esse
943 1499 1072 1542 moram
1102 1477 1217 1562 genesi
1244 1473 1447 1541 commodine
1478 1487 1609 1560 tempus
1640 1477 1697 1538 ad·

136 1577 213 1660 ejus
246 1576 477 1654 Macchabaei,
516 1575 577 1640 sed
614 1578 776 1641 Simeonis
808 1579 889 1640 Bar·
944 1563 1166 1662 eignabimus,
1216 1599 1311 1664 quam
1355 1595 1420 1664 quo
1463 1573 1694 1640 Barcbocebaa

137 1677 309 1742 obooebae
330 1677 516 1761 famigerati
532 1677 592 1742 aob
608 1679 889 1744 HadriauoPaeu·
944 1683 1050 1766 palam
1079 1679 1271 1764 obsequium
1301 1678 1513 1756 detrectavit,
1546 1689 1580 1740 et
1607 1676 1695 1740 elato

137 1779 339 1844 domesaiae.
379 1780 539 1843 Iudicium
571 1780 678 1859 istud,
717 1780 806 1866 quod
835 1803 889 1844 au·
944 1782 1149 1866 bolliuigno
1176 1781 1352 1866 populares
1383 1800 1459 1844 suos
1487 1801 1506 1843 a
1532 1779 1696 1841 Romano·

137 1881 252 1945 dacius
287 1881 411 1957 visum,
452 1882 595 1958 nemini,
638 1881 726 1965 qood
764 1883 889 1960 nomm,
945 1903 1017 1948 rum
1039 1883 1199 1946 servitute
1221 1879 1261 1944 ed
1282 1881 1405 1965 pileum
1428 1881 1565 1948 vocavit.
1601 1878 1695 1942 I'stud
1780 1935 1785 1946 .

138 1979 273 2058 adrisit,
299 1999 338 2043 sc
355 1995 532 2065 propterea
549 1984 704 2047 continuo
722 1984 891 2068 impugna·
947 1985 975 2048 ai
1003 1983 1172 2061 admittas,
1207 1981 1339 2047 facilem
1368 1983 1470 2047 babes
1501 1981 1596 2066 bojas
1626 1997 1696 2044 mo·

137 2095 210 2146 tum
240 2103 260 2144 a
288 2081 455 2160 Pinea-tio,
490 2079 550 2145 scd
579 2084 636 2168 qui
664 2101 890 2169 argumentum
947 2100 1043 2152 netae
1082 2085 1289 2170 explicatum.
1337 2085 1418 2148 Erat
1454 2097 1523 2147 tum
1561 2079 1697 2146 ludaeo-

139 2181 397 2262 nlidiseimum,
431 2197 465 2248 et
486 2203 552 2268 quo
573 2205 639 2248 uno
660 2199 728 2250 tota
749 2187 892 2252 Henrio·
947 2209 1022 2252 rum
1051 2185 1183 2252 fortuna
1215 2206 1282 2250 uon
1312 2185 1466 2250 absimilia
1495 2183 1564 2260 illi,
1600 2201 1697 2269 quam

138 2285 193 2350 uis
222 2285 372 2350 doctriua
398 2283 555 2370 disperit,
587 2307 757 2372 opponere
778 2289 893 2374 negle·
947 2288 1240 2354 Macchabaeorum
1283 2299 1388 2351 aetate
1432 2286 1563 2371 experti
1609 2297 1695 2348 sont.

139 2389 202 2452 xit.
244 2389 329 2450 Nam
368 2385 457 2472 quod
493 2389 638 2451 omnium
671 2389 810 2451 maxime
843 2390 892 2451 in·
946 2391 1060 2456 Pressi
1095 2403 1163 2454 tum
1197 2413 1216 2453 a
1251 2388 1385 2472 regibus
1416 2387 1549 2470 Syriae,
1578 2397 1623 2448 -et
1656 2381 1697 2446 ad

142 2489 264 2574 quiriti
292 2491 457 2574 oportuit,
485 2488 628 2555 fueritne
650 2491 726 2556 huic
746 2489 892 2570 Barcho-
946 2494 1103 2558 tributum
1134 2490 1258 2570 adecti,
1286 2509 1373 2552 nunc
1401 2485 1609 2552 allemanie.
1646 2485 1698 2546 Iu·

143 2591 248 2656 cebae
279 2611 400 2656 nomen
428 2591 612 2669 Simeonis,
653 2591 742 2678 quod
778 2591 892 2655 tribuit
946 2608 1001 2658 ter
1020 2579 1104 2658 baec
1124 2593 1209 2657 mala
1230 2592 1388 2656 exstitere
1409 2601 1478 2651 tutu
1501 2585 1698 2651 Matbatltias

143 2693 317 2770 Eeuriou,
342 2712 451 2776 nequo
472 2693 655 2756 aPioartio
678 2693 740 2758 fuit
760 2693 894 2778 inquiri·
949 2697 1085 2781 ejusque
1113 2693 1193 2771 filii,
1224 2691 1341 2778 quibus
1363 2689 1500 2753 ducibus
1523 2707 1698 2753 excussum

142 2809 234 2874 tum,
263 2812 373 2878 neque
400 2793 506 2858 serius
532 2816 552 2857 a
574 2796 761 2873 Biattcono,
789 2797 894 2879 Baye·
949 2797 1091 2882 denique
1112 2815 1176 2880 per
1195 2794 1262 2859 rim
1284 2793 1415 2876 jugum,
1437 2803 1471 2854 et
1490 2801 1583 2876 parta
1606 2788 1699 2872 genti

142 2899 217 2975 rio,
247 2897 399 2982 aliisque,
431 2883 491 2959 aed
518 2895 559 2959 ab
587 2897 758 2962 Henrionc
786 2897 894 2982 prola·
949 2899 1103 2976 libertas,
1138 2915 1234 2982 quam
1255 2913 1341 2956 nunc
1364 2892 1566 2978 provinciam
1595 2889 1631 2952 io
1661 2908 1698 2954 se

144 3013 216 3063 tum
230 3009 364 3062 temere
383 2997 503 3082 passim
521 2997 693 3064 creditam.
726 2999 770 3062 Et
785 3012 894 3062 tameo
949 2999 1095 3084 suscepit
1113 2995 1352 3061 Barcbocebaa.
1381 2995 1473 3078 Ergo
1494 2993 1553 3058 illa
1575 2991 1698 3055 idoneo

144 3101 273 3166 nullum
296 3113 400 3166 exstat
425 3111 691 3178 monumentum,
713 3100 748 3164 in
775 3097 894 3184 quoia
951 3099 1089 3168 consilio
1118 3111 1268 3163 veterem
1300 3095 1483 3170 Simeonis,
1522 3113 1587 3179 quo
1618 3091 1701 3156 olim

146 3203 312 3268 Simeonis
348 3204 481 3266 nomine
516 3201 767 3287 compelletur..
796 3197 896 3295 Quod
951 3211 1179 3288 propugnante
1212 3195 1352 3262 ablatum
1384 3197 1498 3281 jugum
1535 3191 1699 3278 gentium,

148 3307 333 3370 sisiumon
352 3307 457 3370 dictos
473 3324 540 3368 nou
556 3317 623 3382 est,
643 3315 698 3368 aut
714 3301 829 3365 saltem
847 3301 896 3366 sie
953 3315 1116 3368 monetam
1145 3297 1370 3375 resuscitavit,
1406 3309 1444 3359 ut
1472 3295 1630 3378 populum
1661 3311 1703 3357 aa

149 3407 273 3474 dictum
295 3409 430 3493 probari
452 3405 584 3491 nequit,
614 3425 677 3488 qus
702 3403 753 3466 illi
777 3401 897 3467 fiducia
953 3413 1136 3491 conspecta·
1169 3401 1327 3484 pristinae
1369 3397 1529 3482 maiorum
1571 3393 1703 3460 virtutis

147 3511 333 3577 tribuemus
352 3529 469 3574 nomos
485 3506 648 3573 Simeonis
664 3506 797 3570 nomine
819 3501 896 3568 iusiss
953 3502 1271 3580 commonefaceret,
1292 3511 1464 3586 essetque,
1486 3509 1524 3562 ut
1540 3493 1604 3560 fuit
1620 3507 1701 3571 tum,
1793 3567 1800 3580 ¹

137 3633 252 3702 ‚guen
279 3625 314 3678 et
332 3633 399 3676 uon
421 3609 521 3676 modo
542 3611 623 3688 bos,
650 3607 685 3671 io
707 3606 823 3694 quibua
844 3625 897 3669 su·
952 3607 1175 3675 testimouium
1224 3603 1394 3690 publicum
1440 3597 1611 3664 restitutae
1662 3595 1704 3657 ii·

151 3737 243 3795 mus,
280 3715 463 3798 bilingues,
497 3712 556 3778 sed
587 3711 685 3776 etiam
715 3709 797 3773 alios
828 3729 897 3774 om·
953 3709 1101 3778 bertatis.
1142 3705 1241 3801 Quod
1271 3723 1353 3771 vero
1382 3719 1499 3766 numos
1527 3699 1706 3784 imperato·

150 3837 395 3903 nes,·quorum
413 3837 488 3881 eom
505 3815 659 3878 simeone
674 3813 734 3876 illo
748 3809 897 3875 Maecba·
953 3813 1022 3878 rios
1052 3813 1087 3874 in
1113 3821 1265 3874 monetae
1292 3805 1418 3891 patriae
1446 3821 1540 3867 usum
1565 3815 1704 3864 conrar-

150 3923 235 3986 bseo
264 3939 385 3985 nexum
413 3919 485 4004 ipsa
513 3915 712 4001 epigraphe,
748 3927 785 3976 nt
818 3909 899 3975 ridi·
955 3915 1012 3992 tit,
1053 3931 1181 3976 causam
1211 3909 1310 3973 rideo
1342 3905 1529 3990 duplicem,
1568 3901 1705 3964 alteram

151 4045 250 4103 mus,
294 4025 442 4108 aliaeque
480 4039 596 4085 caueae
634 4015 762 4086 abunda
805 4013 903 4077 stabi·
955 4013 1191 4100 necessariam,
1227 4007 1430 4074 arbitrariam
1459 4007 1613 4080 alteram,
1645 3997 1705 4063 sed
1784 4079 1793 4092 Ι

152 4125 262 4191 liunt?
956 4117 1154 4182 meditatam.
1207 4111 1314 4181 Vnam
1356 4107 1572 4173 necessariam
1619 4101 1706 4178 dixi,

215 4229 290 4293 atta
313 4247 396 4314 ergo
411 4225 452 4291 ad
468 4245 527 4292 eos
546 4219 757 4306 explicandos
776 4231 903 4284 tentan·
946 4217 1067 4306 quood,
1105 4229 1141 4282 ut
1171 4213 1208 4280 iit
1237 4215 1273 4276 in
1301 4210 1516 4276 tumultuario
1545 4203 1706 4289 imperio,

153 4333 194 4398 da
226 4333 295 4412 sia,
333 4349 437 4416 eaque
468 4342 505 4392 ut
534 4324 747 4402 insolentior,
784 4321 831 4384 sic
859 4319 901 4384 ab
956 4341 1025 4387 non
1054 4317 1208 4384 continuo
1238 4327 1371 4400 praesto
1399 4311 1517 4388 foere,
1551 4325 1634 4422 qusp
1665 4301 1709 4367 ad

154 4437 234 4522 ipsis
259 4435 378 4500 borum
404 4449 579 4496 nemorum
606 4425 711 4492 causis
730 4423 900 4507 imperata.
958 4421 1126 4502 metallum
1154 4416 1298 4483 flandum
1326 4409 1513 4479 feriundum
1534 4421 1708 4491 requirun-

155 4543 222 4605 ism
244 4537 332 4603 istud
353 4531 588 4610 indubitatum,
618 4548 676 4593 eoa
698 4545 805 4610 neque
827 4537 903 4588 anto
958 4537 1024 4592 tur.
1066 4519 1247 4588 Commoda
1276 4515 1442 4580 deiectum
1471 4509 1709 4594 suppleverunt

154 4641 351 4726 Traianum,
384 4655 493 4722 nequa
523 4641 599 4719 post
624 4627 825 4694 Hadrianum
855 4623 904 4692 fe·
958 4627 1050 4690 numi
1070 4625 1334 4710 imperatomm‘,·
1348 4633 1485 4700 qaorum
1505 4631 1621 4696 magna
1634 4619 1708 4726 tom

155 4747 216 4828 riri
256 4742 415 4829 potuisse.
476 4737 551 4806 Nou
592 4746 667 4800 aute
710 4729 903 4816 Traianum,
959 4727 1082 4814 ubique
1119 4725 1232 4811 copia,
1275 4741 1314 4787 sc
1347 4715 1525 4804 praecipue
1563 4715 1710 4796 Trapam.

218 4865 312 4949 (rot
325 4860 412 4944 ιιι.)
1325 4836 1357 4904 ⁰
1379 4853 1402 4906 ι
1423 4853 1449 4900 ⁰
