<?xml version="1.0" encoding="UTF-8"?>
<!DOCTYPE html PUBLIC "-//W3C//DTD XHTML 1.0 Transitional//EN"
    "http://www.w3.org/TR/xhtml1/DTD/xhtml1-transitional.dtd">
<html xmlns="http://www.w3.org/1999/xhtml" xml:lang="en" lang="en">
 <head>
  <title>
</title>
<meta http-equiv="Content-Type" content="text/html;charset=utf-8" />
  <meta name='ocr-system' content='tesseract 3.04.00' />
  <meta name='ocr-capabilities' content='ocr_page ocr_carea ocr_par ocr_line ocrx_word'/>
</head>
<body>
  <div class='ocr_page' id='page_1' title='image "./doctrinanumorum02hohlgoog/doctrinanumorum02hohlgoog_0256.png"; bbox 0 0 4160 5454; ppageno 0'>
   <div class='ocr_carea' id='block_1_1' title="bbox 973 373 984 408">
    <p class='ocr_par' dir='ltr' id='par_1_1' title="bbox 973 373 984 408">
     <span class='ocr_line' id='line_1_1' title="bbox 973 373 984 408; baseline 0 0"><span class='ocrx_word' id='word_1_1' title='bbox 973 373 984 408; x_wconf 88' lang='grc' dir='ltr'><em>Ι</em></span> 
     </span>
    </p>
   </div>
   <div class='ocr_carea' id='block_1_2' title="bbox 650 568 1657 664">
    <p class='ocr_par' dir='ltr' id='par_1_2' title="bbox 650 568 1657 664">
     <span class='ocr_line' id='line_1_2' title="bbox 650 568 1657 664; baseline 0.024 -24"><span class='ocrx_word' id='word_1_2' title='bbox 650 569 845 644; x_wconf 70' lang='lat' dir='ltr'>Rufius</span> <span class='ocrx_word' id='word_1_3' title='bbox 884 568 1116 644; x_wconf 83' lang='lat' dir='ltr'>SYRIAE.</span> <span class='ocrx_word' id='word_1_4' title='bbox 1585 591 1657 664; x_wconf 65' lang='grc' dir='ltr'>21ιὸ</span> 
     </span>
    </p>
   </div>
   <div class='ocr_carea' id='block_1_3' title="bbox 111 738 1694 1820">
    <p class='ocr_par' dir='ltr' id='par_1_3' title="bbox 111 738 1694 1820">
     <span class='ocr_line' id='line_1_3' title="bbox 115 738 1659 831; baseline 0.005 -29"><span class='ocrx_word' id='word_1_5' title='bbox 115 757 190 814; x_wconf 81' lang='lat' dir='ltr'>nus,</span> <span class='ocrx_word' id='word_1_6' title='bbox 205 755 322 820; x_wconf 77' lang='lat' dir='ltr'>neque</span> <span class='ocrx_word' id='word_1_7' title='bbox 344 738 562 825; x_wconf 77' lang='lat' dir='ltr'>ipsollegero</span> <span class='ocrx_word' id='word_1_8' title='bbox 579 757 621 800; x_wconf 86' lang='lat' dir='ltr'>ex</span> <span class='ocrx_word' id='word_1_9' title='bbox 637 738 857 830; x_wconf 75' lang='lat' dir='ltr'>parturitium</span> <span class='ocrx_word' id='word_1_10' title='bbox 916 739 1036 804; x_wconf 73' lang='lat' dir='ltr'>dixisse</span> <span class='ocrx_word' id='word_1_11' title='bbox 1063 739 1384 817; x_wconf 64' lang='lat' dir='ltr'>Eleutherocilicu,</span> <span class='ocrx_word' id='word_1_12' title='bbox 1414 761 1552 831; x_wconf 86' lang='lat' dir='ltr'>cumque</span> <span class='ocrx_word' id='word_1_13' title='bbox 1582 767 1659 812; x_wconf 86' lang='lat' dir='ltr'>con·</span> 
     </span>
     <span class='ocr_line' id='line_1_4' title="bbox 118 839 1661 928; baseline 0.004 -22"><span class='ocrx_word' id='word_1_14' title='bbox 118 839 345 906; x_wconf 79' lang='lat' dir='ltr'>dissimulante.</span> <span class='ocrx_word' id='word_1_15' title='bbox 390 841 533 908; x_wconf 77' lang='lat' dir='ltr'>Videtur</span> <span class='ocrx_word' id='word_1_16' title='bbox 562 857 639 904; x_wconf 83' lang='lat' dir='ltr'>cane</span> <span class='ocrx_word' id='word_1_17' title='bbox 670 859 743 903; x_wconf 86' lang='lat' dir='ltr'>esse</span> <span class='ocrx_word' id='word_1_18' title='bbox 768 841 856 904; x_wconf 85' lang='lat' dir='ltr'>idern</span> <span class='ocrx_word' id='word_1_19' title='bbox 915 854 998 919; x_wconf 83' lang='lat' dir='ltr'>stet,</span> <span class='ocrx_word' id='word_1_20' title='bbox 1022 840 1199 906; x_wconf 83' lang='lat' dir='ltr'><strong>Seleucum</strong></span> <span class='ocrx_word' id='word_1_21' title='bbox 1216 843 1294 918; x_wconf 81' lang='lat' dir='ltr'>Vl,</span> <span class='ocrx_word' id='word_1_22' title='bbox 1323 855 1359 906; x_wconf 86' lang='lat' dir='ltr'>ut</span> <span class='ocrx_word' id='word_1_23' title='bbox 1386 863 1484 928; x_wconf 88' lang='lat' dir='ltr'>snpra</span> <span class='ocrx_word' id='word_1_24' title='bbox 1510 847 1661 926; x_wconf 72' lang='lat' dir='ltr'>diximus,</span> 
     </span>
     <span class='ocr_line' id='line_1_5' title="bbox 118 939 1660 1034; baseline 0.004 -26"><span class='ocrx_word' id='word_1_25' title='bbox 118 965 185 1008; x_wconf 83' lang='lat' dir='ltr'>cum</span> <span class='ocrx_word' id='word_1_26' title='bbox 207 963 304 1028; x_wconf 86' lang='lat' dir='ltr'>supra</span> <span class='ocrx_word' id='word_1_27' title='bbox 326 942 450 1021; x_wconf 74' lang='lat' dir='ltr'>citato,</span> <span class='ocrx_word' id='word_1_28' title='bbox 470 943 504 1004; x_wconf 89' lang='lat' dir='ltr'>iu</span> <span class='ocrx_word' id='word_1_29' title='bbox 526 962 591 1025; x_wconf 89' lang='lat' dir='ltr'>qno</span> <span class='ocrx_word' id='word_1_30' title='bbox 618 939 765 1005; x_wconf 79' lang='lat' dir='ltr'>dixeram</span> <span class='ocrx_word' id='word_1_31' title='bbox 789 943 859 1031; x_wconf 82' lang='lat' dir='ltr'>legi</span> <span class='ocrx_word' id='word_1_32' title='bbox 916 963 957 1006; x_wconf 83' lang='lat' dir='ltr'>ex</span> <span class='ocrx_word' id='word_1_33' title='bbox 985 941 1078 1008; x_wconf 90' lang='lat' dir='ltr'>clade</span> <span class='ocrx_word' id='word_1_34' title='bbox 1100 943 1334 1028; x_wconf 84' lang='lat' dir='ltr'>Mopsuestiam</span> <span class='ocrx_word' id='word_1_35' title='bbox 1368 947 1528 1026; x_wconf 81' lang='lat' dir='ltr'>evasisse,</span> <span class='ocrx_word' id='word_1_36' title='bbox 1557 963 1660 1034; x_wconf 80' lang='lat' dir='ltr'>putat,</span> 
     </span>
     <span class='ocr_line' id='line_1_6' title="bbox 120 1038 1660 1128; baseline 0.003 -18"><span class='ocrx_word' id='word_1_37' title='bbox 120 1039 256 1110; x_wconf 79' lang='grc' dir='ltr'><strong>ΝΕΙΣΙ.</strong></span> <span class='ocrx_word' id='word_1_38' title='bbox 292 1043 370 1106; x_wconf 81' lang='lat' dir='ltr'>Non</span> <span class='ocrx_word' id='word_1_39' title='bbox 400 1043 500 1126; x_wconf 81' lang='lat' dir='ltr'>igilur</span> <span class='ocrx_word' id='word_1_40' title='bbox 526 1044 602 1106; x_wconf 82' lang='lat' dir='ltr'>sacis</span> <span class='ocrx_word' id='word_1_41' title='bbox 635 1038 858 1120; x_wconf 78' lang='lat' dir='ltr'>causac,·cur</span> <span class='ocrx_word' id='word_1_42' title='bbox 915 1044 1010 1128; x_wconf 76' lang='lat' dir='ltr'>hujus</span> <span class='ocrx_word' id='word_1_43' title='bbox 1033 1057 1128 1128; x_wconf 84' lang='lat' dir='ltr'>caput</span> <span class='ocrx_word' id='word_1_44' title='bbox 1151 1045 1191 1108; x_wconf 87' lang='lat' dir='ltr'>ab</span> <span class='ocrx_word' id='word_1_45' title='bbox 1214 1044 1385 1128; x_wconf 88' lang='lat' dir='ltr'>oppidanis</span> <span class='ocrx_word' id='word_1_46' title='bbox 1413 1047 1515 1114; x_wconf 86' lang='lat' dir='ltr'>fuisse</span> <span class='ocrx_word' id='word_1_47' title='bbox 1546 1071 1660 1116; x_wconf 86' lang='lat' dir='ltr'>moue·</span> 
     </span>
     <span class='ocr_line' id='line_1_7' title="bbox 116 1144 1658 1230; baseline 0.004 -20"><span class='ocrx_word' id='word_1_48' title='bbox 116 1144 459 1213; x_wconf 76' lang='lat' dir='ltr'>morsAntioohiVlll.</span> <span class='ocrx_word' id='word_1_49' title='bbox 476 1145 856 1230; x_wconf 77' lang='lat' dir='ltr'>nncauuoancicipanda</span> <span class='ocrx_word' id='word_1_50' title='bbox 913 1159 966 1210; x_wconf 79' lang='lat' dir='ltr'>lae</span> <span class='ocrx_word' id='word_1_51' title='bbox 988 1147 1157 1212; x_wconf 77' lang='lat' dir='ltr'>incertum.</span> <span class='ocrx_word' id='word_1_52' title='bbox 1196 1149 1248 1208; x_wconf 87' lang='lat' dir='ltr'>Eu</span> <span class='ocrx_word' id='word_1_53' title='bbox 1271 1160 1350 1230; x_wconf 84' lang='lat' dir='ltr'>quot</span> <span class='ocrx_word' id='word_1_54' title='bbox 1371 1147 1404 1208; x_wconf 90' lang='lat' dir='ltr'>in</span> <span class='ocrx_word' id='word_1_55' title='bbox 1427 1149 1492 1214; x_wconf 75' lang='lat' dir='ltr'>hac</span> <span class='ocrx_word' id='word_1_56' title='bbox 1511 1146 1658 1216; x_wconf 80' lang='lat' dir='ltr'>oratione</span> 
     </span>
     <span class='ocr_line' id='line_1_8' title="bbox 115 1247 1662 1334; baseline 0.006 -23"><span class='ocrx_word' id='word_1_57' title='bbox 115 1247 854 1328; x_wconf 65' lang='lat' dir='ltr'>rit,acarnaniamhocnumosselleyusr).</span> <span class='ocrx_word' id='word_1_58' title='bbox 904 1247 1081 1330; x_wconf 83' lang='lat' dir='ltr'>ambigua,</span> <span class='ocrx_word' id='word_1_59' title='bbox 1120 1247 1179 1312; x_wconf 86' lang='lat' dir='ltr'>sed</span> <span class='ocrx_word' id='word_1_60' title='bbox 1211 1269 1293 1333; x_wconf 86' lang='lat' dir='ltr'>qnae</span> <span class='ocrx_word' id='word_1_61' title='bbox 1315 1269 1423 1332; x_wconf 87' lang='lat' dir='ltr'>neque</span> <span class='ocrx_word' id='word_1_62' title='bbox 1445 1251 1516 1334; x_wconf 86' lang='lat' dir='ltr'>ipae</span> <span class='ocrx_word' id='word_1_63' title='bbox 1540 1251 1662 1320; x_wconf 86' lang='lat' dir='ltr'>inficia-</span> 
     </span>
     <span class='ocr_line' id='line_1_9' title="bbox 111 1347 1694 1432; baseline 0.004 -19"><span class='ocrx_word' id='word_1_64' title='bbox 111 1347 857 1432; x_wconf 75' lang='lat' dir='ltr'>Credo,exeadcmratione‚quampropc·</span> <span class='ocrx_word' id='word_1_65' title='bbox 912 1349 1151 1431; x_wconf 81' lang='lat' dir='ltr'>turHaymine.</span> <span class='ocrx_word' id='word_1_66' title='bbox 1194 1351 1281 1412; x_wconf 84' lang='lat' dir='ltr'>Ante</span> <span class='ocrx_word' id='word_1_67' title='bbox 1304 1353 1411 1414; x_wconf 88' lang='lat' dir='ltr'>omnia</span> <span class='ocrx_word' id='word_1_68' title='bbox 1432 1353 1694 1418; x_wconf 78' lang='lat' dir='ltr'><strong>stabiliendam.</strong></span> 
     </span>
     <span class='ocr_line' id='line_1_10' title="bbox 114 1449 1658 1537; baseline 0.003 -24"><span class='ocrx_word' id='word_1_69' title='bbox 114 1452 178 1526; x_wconf 84' lang='lat' dir='ltr'>aui,</span> <span class='ocrx_word' id='word_1_70' title='bbox 199 1471 332 1512; x_wconf 74' lang='lat' dir='ltr'>mmum</span> <span class='ocrx_word' id='word_1_71' title='bbox 350 1449 437 1512; x_wconf 89' lang='lat' dir='ltr'>huno</span> <span class='ocrx_word' id='word_1_72' title='bbox 460 1471 478 1511; x_wconf 89' lang='lat' dir='ltr'>a</span> <span class='ocrx_word' id='word_1_73' title='bbox 497 1449 670 1513; x_wconf 83' lang='lat' dir='ltr'>Friilichio.</span> <span class='ocrx_word' id='word_1_74' title='bbox 683 1449 716 1510; x_wconf 94' lang='lat' dir='ltr'>in</span> <span class='ocrx_word' id='word_1_75' title='bbox 736 1449 857 1512; x_wconf 85' lang='lat' dir='ltr'>annali·</span> <span class='ocrx_word' id='word_1_76' title='bbox 914 1471 986 1513; x_wconf 85' lang='lat' dir='ltr'>csse</span> <span class='ocrx_word' id='word_1_77' title='bbox 1009 1463 1089 1534; x_wconf 76' lang='lat' dir='ltr'>paco</span> <span class='ocrx_word' id='word_1_78' title='bbox 1111 1471 1223 1514; x_wconf 82' lang='lat' dir='ltr'>veram</span> <span class='ocrx_word' id='word_1_79' title='bbox 1250 1451 1447 1537; x_wconf 76' lang='lat' dir='ltr'>epigraphes</span> <span class='ocrx_word' id='word_1_80' title='bbox 1469 1455 1658 1524; x_wconf 86' lang='lat' dir='ltr'>lectionem.</span> 
     </span>
     <span class='ocr_line' id='line_1_11' title="bbox 114 1550 1661 1645; baseline 0.002 -29"><span class='ocrx_word' id='word_1_81' title='bbox 114 1555 174 1616; x_wconf 86' lang='lat' dir='ltr'>hus</span> <span class='ocrx_word' id='word_1_82' title='bbox 193 1552 295 1616; x_wconf 72' lang='lat' dir='ltr'>cuine</span> <span class='ocrx_word' id='word_1_83' title='bbox 314 1550 516 1636; x_wconf 73' lang='lat' dir='ltr'>neglectum.</span> <span class='ocrx_word' id='word_1_84' title='bbox 742 1553 747 1564; x_wconf 92' lang='lat'>&#39;</span> <span class='ocrx_word' id='word_1_85' title='bbox 915 1550 990 1645; x_wconf 79' lang='lat' dir='ltr'>Quo</span> <span class='ocrx_word' id='word_1_86' title='bbox 1019 1553 1125 1613; x_wconf 85' lang='lat' dir='ltr'>minus</span> <span class='ocrx_word' id='word_1_87' title='bbox 1154 1552 1346 1636; x_wconf 72' lang='lat' dir='ltr'>inscriptum</span> <span class='ocrx_word' id='word_1_88' title='bbox 1375 1569 1488 1637; x_wconf 86' lang='lat' dir='ltr'>putem</span> <span class='ocrx_word' id='word_1_89' title='bbox 1515 1554 1661 1619; x_wconf 83' lang='lat' dir='ltr'><strong>EAET·</strong></span> 
     </span>
     <span class='ocr_line' id='line_1_12' title="bbox 370 1634 1659 1737; baseline 0.008 -27"><span class='ocrx_word' id='word_1_90' title='bbox 370 1699 389 1737; x_wconf 46' lang='lat' dir='ltr'>g</span> <span class='ocrx_word' id='word_1_91' title='bbox 474 1634 493 1689; x_wconf 45' lang='grc' dir='ltr'><strong>ἶ</strong></span> <span class='ocrx_word' id='word_1_92' title='bbox 578 1694 598 1734; x_wconf 70' lang='lat'>,</span> <span class='ocrx_word' id='word_1_93' title='bbox 914 1650 1269 1730; x_wconf 75' lang='lat' dir='ltr'>oEPOKIAIKnN,</span> <span class='ocrx_word' id='word_1_94' title='bbox 1295 1640 1425 1718; x_wconf 71' lang='lat' dir='ltr'>ridetur</span> <span class='ocrx_word' id='word_1_95' title='bbox 1451 1655 1582 1720; x_wconf 78' lang='lat' dir='ltr'>obstare</span> <span class='ocrx_word' id='word_1_96' title='bbox 1609 1679 1659 1720; x_wconf 88' lang='lat' dir='ltr'>ar-</span> 
     </span>
     <span class='ocr_line' id='line_1_13' title="bbox 167 1749 856 1820; baseline -0.003 -2"><span class='ocrx_word' id='word_1_97' title='bbox 167 1759 217 1820; x_wconf 85' lang='lat' dir='ltr'>Ex</span> <span class='ocrx_word' id='word_1_98' title='bbox 230 1755 362 1818; x_wconf 82' lang='lat' dir='ltr'>urbium</span> <span class='ocrx_word' id='word_1_99' title='bbox 374 1755 480 1817; x_wconf 85' lang='lat' dir='ltr'>numia</span> <span class='ocrx_word' id='word_1_100' title='bbox 498 1751 629 1816; x_wconf 86' lang='lat' dir='ltr'>unicum</span> <span class='ocrx_word' id='word_1_101' title='bbox 645 1752 740 1816; x_wconf 83' lang='lat' dir='ltr'>citari</span> <span class='ocrx_word' id='word_1_102' title='bbox 755 1749 856 1818; x_wconf 80' lang='lat' dir='ltr'>rideo·</span> 
     </span>
    </p>
   </div>
   <div class='ocr_carea' id='block_1_4' title="bbox 111 1855 1656 1944">
    <p class='ocr_par' dir='ltr' id='par_1_4' title="bbox 111 1855 1656 1944">
     <span class='ocr_line' id='line_1_14' title="bbox 111 1855 1656 1944; baseline 0.001 -22"><span class='ocrx_word' id='word_1_103' title='bbox 111 1859 194 1944; x_wconf 90' lang='lat' dir='ltr'>apud</span> <span class='ocrx_word' id='word_1_104' title='bbox 208 1859 403 1942; x_wconf 77' lang='lat' dir='ltr'>Haymium:</span> <span class='ocrx_word' id='word_1_105' title='bbox 426 1855 579 1937; x_wconf 66' lang='lat' dir='ltr'>(Tomll.</span> <span class='ocrx_word' id='word_1_106' title='bbox 598 1876 631 1938; x_wconf 87' lang='lat' dir='ltr'>p.</span> <span class='ocrx_word' id='word_1_107' title='bbox 646 1875 687 1916; x_wconf 93' lang='lat' dir='ltr'>m.</span> <span class='ocrx_word' id='word_1_108' title='bbox 700 1857 767 1934; x_wconf 68' lang='lat' dir='ltr'>alp.)</span> <span class='ocrx_word' id='word_1_109' title='bbox 909 1879 982 1920; x_wconf 85' lang='lat' dir='ltr'>rum</span> <span class='ocrx_word' id='word_1_110' title='bbox 1016 1877 1189 1920; x_wconf 89' lang='lat' dir='ltr'>numerum</span> <span class='ocrx_word' id='word_1_111' title='bbox 1226 1876 1343 1940; x_wconf 79' lang='lat' dir='ltr'><strong>capere</strong></span> <span class='ocrx_word' id='word_1_112' title='bbox 1379 1859 1489 1940; x_wconf 76' lang='lat' dir='ltr'>possit.</span> <span class='ocrx_word' id='word_1_113' title='bbox 1533 1859 1656 1926; x_wconf 84' lang='lat' dir='ltr'>Verius</span> 
     </span>
    </p>
   </div>
   <div class='ocr_carea' id='block_1_5' title="bbox 914 1755 1767 1840">
    <p class='ocr_par' dir='ltr' id='par_1_5' title="bbox 914 1755 1767 1840">
     <span class='ocr_line' id='line_1_15' title="bbox 914 1755 1767 1840; baseline 0.001 -21"><span class='ocrx_word' id='word_1_114' title='bbox 914 1756 1002 1819; x_wconf 80' lang='lat' dir='ltr'>clius</span> <span class='ocrx_word' id='word_1_115' title='bbox 1019 1755 1178 1838; x_wconf 78' lang='lat' dir='ltr'>spatium,</span> <span class='ocrx_word' id='word_1_116' title='bbox 1210 1776 1304 1837; x_wconf 87' lang='lat' dir='ltr'>quam</span> <span class='ocrx_word' id='word_1_117' title='bbox 1328 1755 1415 1840; x_wconf 86' lang='lat' dir='ltr'>quod</span> <span class='ocrx_word' id='word_1_118' title='bbox 1437 1757 1523 1822; x_wconf 88' lang='lat' dir='ltr'>huno</span> <span class='ocrx_word' id='word_1_119' title='bbox 1548 1757 1657 1822; x_wconf 84' lang='lat' dir='ltr'>litera·</span> <span class='ocrx_word' id='word_1_120' title='bbox 1687 1787 1692 1800; x_wconf 89' lang='lat'><strong>·</strong></span> <span class='ocrx_word' id='word_1_121' title='bbox 1763 1759 1767 1767; x_wconf 78' lang='grc'><em>“</em></span> 
     </span>
    </p>
   </div>
   <div class='ocr_carea' id='block_1_6' title="bbox 108 1951 885 2446">
    <p class='ocr_par' dir='ltr' id='par_1_6' title="bbox 108 1951 885 2344">
     <span class='ocr_line' id='line_1_16' title="bbox 152 1951 854 2042; baseline -0.01 -19"><span class='ocrx_word' id='word_1_122' title='bbox 152 1961 260 2042; x_wconf 81' lang='lat' dir='ltr'>Caput</span> <span class='ocrx_word' id='word_1_123' title='bbox 264 1959 411 2036; x_wconf 76' lang='lat' dir='ltr'>iuuenile</span> <span class='ocrx_word' id='word_1_124' title='bbox 421 1959 657 2020; x_wconf 79' lang='lat' dir='ltr'><em>diadematum.</em></span> <span class='ocrx_word' id='word_1_125' title='bbox 669 1951 713 2013; x_wconf 67' lang='lat'>1·</span> <span class='ocrx_word' id='word_1_126' title='bbox 721 1951 854 2017; x_wconf 82' lang='lat' dir='ltr'><strong>EAE·-</strong></span> 
     </span>
     <span class='ocr_line' id='line_1_17' title="bbox 110 2053 885 2126; baseline -0.014 1"><span class='ocrx_word' id='word_1_127' title='bbox 110 2059 191 2126; x_wconf 79' lang='grc' dir='ltr'>ΩΝ.</span> <span class='ocrx_word' id='word_1_128' title='bbox 209 2056 352 2124; x_wconf 79' lang='grc' dir='ltr'><strong>ΠΡΟΣ.</strong></span> <span class='ocrx_word' id='word_1_129' title='bbox 378 2055 479 2121; x_wconf 83' lang='grc' dir='ltr'><strong>ΤΩΙ.</strong></span> <span class='ocrx_word' id='word_1_130' title='bbox 499 2053 718 2122; x_wconf 76' lang='grc' dir='ltr'><strong>ΠΤΡΑΜΩ</strong></span> <span class='ocrx_word' id='word_1_131' title='bbox 732 2091 746 2104; x_wconf 89' lang='grc'>·</span> <span class='ocrx_word' id='word_1_132' title='bbox 768 2057 854 2118; x_wconf 81' lang='grc' dir='ltr'><strong><em>Βία·</em></strong></span> <span class='ocrx_word' id='word_1_133' title='bbox 882 2055 885 2061; x_wconf 85' lang='grc'><strong>’</strong></span> 
     </span>
     <span class='ocr_line' id='line_1_18' title="bbox 108 2162 854 2246; baseline -0.009 -20"><span class='ocrx_word' id='word_1_134' title='bbox 108 2187 151 2226; x_wconf 86' lang='lat' dir='ltr'>uc</span> <span class='ocrx_word' id='word_1_135' title='bbox 166 2166 328 2246; x_wconf 82' lang='lat' dir='ltr'>gradiens</span> <span class='ocrx_word' id='word_1_136' title='bbox 350 2164 386 2223; x_wconf 79' lang='lat' dir='ltr'>d.</span> <span class='ocrx_word' id='word_1_137' title='bbox 405 2162 508 2223; x_wconf 86' lang='lat' dir='ltr'>telum</span> <span class='ocrx_word' id='word_1_138' title='bbox 532 2179 575 2223; x_wconf 76' lang='lat' dir='ltr'>ea·</span> <span class='ocrx_word' id='word_1_139' title='bbox 595 2162 759 2240; x_wconf 76' lang='lat' dir='ltr'>pharetra</span> <span class='ocrx_word' id='word_1_140' title='bbox 779 2178 854 2242; x_wconf 84' lang='lat' dir='ltr'>pto·</span> 
     </span>
     <span class='ocr_line' id='line_1_19' title="bbox 110 2261 551 2344; baseline -0.009 -16"><span class='ocrx_word' id='word_1_141' title='bbox 110 2269 195 2340; x_wconf 68' lang='lat' dir='ltr'>urit,</span> <span class='ocrx_word' id='word_1_142' title='bbox 210 2285 241 2330; x_wconf 85' lang='lat' dir='ltr'>s.</span> <span class='ocrx_word' id='word_1_143' title='bbox 262 2283 391 2344; x_wconf 80' lang='lat' dir='ltr'>urcpm.</span> <span class='ocrx_word' id='word_1_144' title='bbox 414 2261 473 2323; x_wconf 78' lang='grc' dir='ltr'>ΔΕ</span> <span class='ocrx_word' id='word_1_145' title='bbox 495 2261 551 2324; x_wconf 90' lang='lat' dir='ltr'>lll.</span> 
     </span>
    </p>

    <p class='ocr_par' dir='ltr' id='par_1_7' title="bbox 169 2361 852 2446">
     <span class='ocr_line' id='line_1_20' title="bbox 169 2361 852 2446; baseline -0.009 -18"><span class='ocrx_word' id='word_1_146' title='bbox 169 2363 232 2434; x_wconf 85' lang='lat' dir='ltr'>llir</span> <span class='ocrx_word' id='word_1_147' title='bbox 249 2363 398 2428; x_wconf 81' lang='lat' dir='ltr'>eruditus</span> <span class='ocrx_word' id='word_1_148' title='bbox 416 2361 618 2446; x_wconf 78' lang='lat' dir='ltr'>epigraphen</span> <span class='ocrx_word' id='word_1_149' title='bbox 634 2379 782 2424; x_wconf 86' lang='lat' dir='ltr'>mancam</span> <span class='ocrx_word' id='word_1_150' title='bbox 799 2380 852 2423; x_wconf 81' lang='lat' dir='ltr'>ex·</span> 
     </span>
    </p>
   </div>
   <div class='ocr_carea' id='block_1_7' title="bbox 909 1949 1674 2444">
    <p class='ocr_par' dir='ltr' id='par_1_8' title="bbox 909 1949 1674 2444">
     <span class='ocr_line' id='line_1_21' title="bbox 909 1949 1658 2039; baseline 0 -16"><span class='ocrx_word' id='word_1_151' title='bbox 909 1957 1040 2023; x_wconf 79' lang='lat' dir='ltr'>videtur</span> <span class='ocrx_word' id='word_1_152' title='bbox 1083 1949 1290 2039; x_wconf 76' lang='lat' dir='ltr'>legcud&#39;umc</span> <span class='ocrx_word' id='word_1_153' title='bbox 1344 1953 1658 2023; x_wconf 82' lang='grc' dir='ltr'><strong>ΣΕΛΕΤΚΕΩΝ.</strong></span> 
     </span>
     <span class='ocr_line' id='line_1_22' title="bbox 912 2052 1656 2125; baseline 0.012 -9"><span class='ocrx_word' id='word_1_154' title='bbox 912 2055 1034 2121; x_wconf 84' lang='grc' dir='ltr'><strong>ΤΩΝ.</strong></span> <span class='ocrx_word' id='word_1_155' title='bbox 1078 2052 1219 2125; x_wconf 85' lang='grc' dir='ltr'><strong>ΠΡΟΣ.</strong></span> <span class='ocrx_word' id='word_1_156' title='bbox 1265 2055 1367 2124; x_wconf 85' lang='grc' dir='ltr'><strong>ΤΩΙ.</strong></span> <span class='ocrx_word' id='word_1_157' title='bbox 1409 2057 1656 2125; x_wconf 81' lang='grc' dir='ltr'><strong>ΠΤΡΑΜΩΙ.</strong></span> 
     </span>
     <span class='ocr_line' id='line_1_23' title="bbox 910 2156 1660 2243; baseline 0.011 -23"><span class='ocrx_word' id='word_1_158' title='bbox 910 2161 1009 2236; x_wconf 84' lang='lat' dir='ltr'>Esto,</span> <span class='ocrx_word' id='word_1_159' title='bbox 1039 2156 1080 2220; x_wconf 90' lang='lat' dir='ltr'>de</span> <span class='ocrx_word' id='word_1_160' title='bbox 1109 2157 1200 2223; x_wconf 89' lang='lat' dir='ltr'>nulla</span> <span class='ocrx_word' id='word_1_161' title='bbox 1228 2160 1270 2224; x_wconf 89' lang='lat' dir='ltr'>ad</span> <span class='ocrx_word' id='word_1_162' title='bbox 1299 2163 1472 2243; x_wconf 82' lang='lat' dir='ltr'><strong>Pyramum</strong></span> <span class='ocrx_word' id='word_1_163' title='bbox 1503 2162 1660 2228; x_wconf 84' lang='lat' dir='ltr'>Seleucia</span> 
     </span>
     <span class='ocr_line' id='line_1_24' title="bbox 911 2259 1656 2347; baseline 0.003 -22"><span class='ocrx_word' id='word_1_164' title='bbox 911 2273 1060 2325; x_wconf 75' lang='lat' dir='ltr'>constare</span> <span class='ocrx_word' id='word_1_165' title='bbox 1072 2302 1089 2336; x_wconf 90' lang='lat'>‚.</span> <span class='ocrx_word' id='word_1_166' title='bbox 1104 2259 1162 2321; x_wconf 87' lang='lat' dir='ltr'>aed</span> <span class='ocrx_word' id='word_1_167' title='bbox 1178 2281 1285 2346; x_wconf 90' lang='lat' dir='ltr'>neque</span> <span class='ocrx_word' id='word_1_168' title='bbox 1304 2283 1345 2340; x_wconf 64' lang='lat' dir='ltr'>eu</span> <span class='ocrx_word' id='word_1_169' title='bbox 1363 2262 1561 2347; x_wconf 84' lang='lat' dir='ltr'>geographis</span> <span class='ocrx_word' id='word_1_170' title='bbox 1579 2284 1656 2327; x_wconf 91' lang='lat' dir='ltr'>oon·</span> 
     </span>
     <span class='ocr_line' id='line_1_25' title="bbox 911 2359 1674 2444; baseline 0.01 -20"><span class='ocrx_word' id='word_1_171' title='bbox 911 2375 973 2424; x_wconf 86' lang='lat' dir='ltr'>stat</span> <span class='ocrx_word' id='word_1_172' title='bbox 992 2359 1033 2421; x_wconf 92' lang='lat' dir='ltr'>de</span> <span class='ocrx_word' id='word_1_173' title='bbox 1052 2361 1205 2444; x_wconf 85' lang='lat' dir='ltr'>Nicopoli</span> <span class='ocrx_word' id='word_1_174' title='bbox 1228 2363 1432 2442; x_wconf 83' lang='lat' dir='ltr'>Seleucidis,</span> <span class='ocrx_word' id='word_1_175' title='bbox 1464 2378 1518 2426; x_wconf 88' lang='lat' dir='ltr'>aut</span> <span class='ocrx_word' id='word_1_176' title='bbox 1542 2365 1674 2432; x_wconf 59' lang='lat' dir='ltr'>Antion</span> 
     </span>
    </p>
   </div>
   <div class='ocr_carea' id='block_1_8' title="bbox 104 2459 1658 2752">
    <p class='ocr_par' dir='ltr' id='par_1_9' title="bbox 104 2459 1658 2752">
     <span class='ocr_line' id='line_1_26' title="bbox 106 2459 1655 2551; baseline 0.002 -25"><span class='ocrx_word' id='word_1_177' title='bbox 106 2465 193 2548; x_wconf 69' lang='lat' dir='ltr'>ples:</span> <span class='ocrx_word' id='word_1_178' title='bbox 215 2459 694 2529; x_wconf 73' lang='lat' dir='ltr'>EAETeEPofflAumN.</span> <span class='ocrx_word' id='word_1_179' title='bbox 726 2463 770 2524; x_wconf 89' lang='lat' dir='ltr'>Et</span> <span class='ocrx_word' id='word_1_180' title='bbox 791 2460 854 2524; x_wconf 83' lang='lat' dir='ltr'>fuit</span> <span class='ocrx_word' id='word_1_181' title='bbox 911 2462 984 2525; x_wconf 88' lang='lat' dir='ltr'>chia</span> <span class='ocrx_word' id='word_1_182' title='bbox 1000 2461 1133 2524; x_wconf 84' lang='lat' dir='ltr'>Ciliciae</span> <span class='ocrx_word' id='word_1_183' title='bbox 1161 2466 1202 2528; x_wconf 88' lang='lat' dir='ltr'>ad</span> <span class='ocrx_word' id='word_1_184' title='bbox 1225 2465 1359 2543; x_wconf 87' lang='lat' dir='ltr'>Sarum,</span> <span class='ocrx_word' id='word_1_185' title='bbox 1382 2489 1460 2551; x_wconf 87' lang='lat' dir='ltr'>quas</span> <span class='ocrx_word' id='word_1_186' title='bbox 1482 2465 1655 2529; x_wconf 79' lang='lat' dir='ltr'>adstruunt</span> 
     </span>
     <span class='ocr_line' id='line_1_27' title="bbox 106 2563 1656 2650; baseline 0 -22"><span class='ocrx_word' id='word_1_187' title='bbox 106 2567 139 2628; x_wconf 89' lang='lat' dir='ltr'>in</span> <span class='ocrx_word' id='word_1_188' title='bbox 157 2567 273 2630; x_wconf 81' lang='lat' dir='ltr'>Cilicia</span> <span class='ocrx_word' id='word_1_189' title='bbox 298 2567 406 2643; x_wconf 79' lang='lat' dir='ltr'>nscio,</span> <span class='ocrx_word' id='word_1_190' title='bbox 435 2586 519 2650; x_wconf 81' lang='lat' dir='ltr'>quac</span> <span class='ocrx_word' id='word_1_191' title='bbox 542 2585 578 2628; x_wconf 84' lang='lat' dir='ltr'>se</span> <span class='ocrx_word' id='word_1_192' title='bbox 599 2563 853 2626; x_wconf 74' lang='lat' dir='ltr'>Eleutherocili·</span> <span class='ocrx_word' id='word_1_193' title='bbox 909 2564 1011 2630; x_wconf 86' lang='lat' dir='ltr'>numi.</span> <span class='ocrx_word' id='word_1_194' title='bbox 1035 2565 1168 2628; x_wconf 76' lang='lat' dir='ltr'>Certum</span> <span class='ocrx_word' id='word_1_195' title='bbox 1186 2578 1256 2642; x_wconf 86' lang='lat' dir='ltr'>est,</span> <span class='ocrx_word' id='word_1_196' title='bbox 1276 2569 1377 2630; x_wconf 90' lang='lat' dir='ltr'>urbes</span> <span class='ocrx_word' id='word_1_197' title='bbox 1400 2567 1589 2650; x_wconf 71' lang='lat' dir='ltr'>complures</span> <span class='ocrx_word' id='word_1_198' title='bbox 1607 2567 1656 2629; x_wconf 90' lang='lat' dir='ltr'>di·</span> 
     </span>
     <span class='ocr_line' id='line_1_28' title="bbox 104 2663 1658 2752; baseline 0.001 -22"><span class='ocrx_word' id='word_1_199' title='bbox 104 2689 162 2730; x_wconf 81' lang='lat' dir='ltr'>cas</span> <span class='ocrx_word' id='word_1_200' title='bbox 183 2669 380 2752; x_wconf 82' lang='lat' dir='ltr'>appellabat.</span> <span class='ocrx_word' id='word_1_201' title='bbox 418 2665 567 2730; x_wconf 86' lang='lat' dir='ltr'>Nominis</span> <span class='ocrx_word' id='word_1_202' title='bbox 589 2665 752 2748; x_wconf 79' lang='lat' dir='ltr'>originem</span> <span class='ocrx_word' id='word_1_203' title='bbox 773 2663 853 2727; x_wconf 90' lang='lat' dir='ltr'>Dic·</span> <span class='ocrx_word' id='word_1_204' title='bbox 910 2666 1184 2744; x_wconf 75' lang='lat' dir='ltr'>clasSelencias,</span> <span class='ocrx_word' id='word_1_205' title='bbox 1207 2679 1242 2729; x_wconf 83' lang='lat' dir='ltr'>et</span> <span class='ocrx_word' id='word_1_206' title='bbox 1267 2683 1392 2732; x_wconf 82' lang='lat' dir='ltr'>certum</span> <span class='ocrx_word' id='word_1_207' title='bbox 1415 2669 1532 2746; x_wconf 83' lang='lat' dir='ltr'>etiam,</span> <span class='ocrx_word' id='word_1_208' title='bbox 1552 2667 1658 2732; x_wconf 87' lang='lat' dir='ltr'>nrbes</span> 
     </span>
    </p>
   </div>
   <div class='ocr_carea' id='block_1_9' title="bbox 82 2765 1657 4586">
    <p class='ocr_par' dir='ltr' id='par_1_10' title="bbox 82 2765 1657 4586">
     <span class='ocr_line' id='line_1_29' title="bbox 104 2765 1657 2853; baseline 0.003 -23"><span class='ocrx_word' id='word_1_209' title='bbox 104 2769 204 2832; x_wconf 85' lang='lat' dir='ltr'>dorus</span> <span class='ocrx_word' id='word_1_210' title='bbox 228 2771 360 2834; x_wconf 85' lang='lat' dir='ltr'>Siculus</span> <span class='ocrx_word' id='word_1_211' title='bbox 387 2791 405 2833; x_wconf 90' lang='lat' dir='ltr'>a</span> <span class='ocrx_word' id='word_1_212' title='bbox 433 2769 551 2832; x_wconf 85' lang='lat' dir='ltr'>lahnlia</span> <span class='ocrx_word' id='word_1_213' title='bbox 583 2768 685 2852; x_wconf 82' lang='lat' dir='ltr'>petit,</span> <span class='ocrx_word' id='word_1_214' title='bbox 718 2765 806 2852; x_wconf 83' lang='lat' dir='ltr'>qnod</span> <span class='ocrx_word' id='word_1_215' title='bbox 833 2789 853 2830; x_wconf 86' lang='lat' dir='ltr'>u</span> <span class='ocrx_word' id='word_1_216' title='bbox 910 2769 1097 2852; x_wconf 85' lang='lat' dir='ltr'>complures</span> <span class='ocrx_word' id='word_1_217' title='bbox 1122 2765 1214 2849; x_wconf 83' lang='lat' dir='ltr'>regia</span> <span class='ocrx_word' id='word_1_218' title='bbox 1234 2769 1367 2834; x_wconf 86' lang='lat' dir='ltr'>nomina</span> <span class='ocrx_word' id='word_1_219' title='bbox 1396 2772 1572 2853; x_wconf 84' lang='lat' dir='ltr'>sumpsisse</span> <span class='ocrx_word' id='word_1_220' title='bbox 1601 2791 1657 2834; x_wconf 89' lang='lat' dir='ltr'>re·</span> 
     </span>
     <span class='ocr_line' id='line_1_30' title="bbox 103 2865 1655 2950; baseline 0.001 -17"><span class='ocrx_word' id='word_1_221' title='bbox 103 2873 232 2934; x_wconf 85' lang='lat' dir='ltr'>Perseo</span> <span class='ocrx_word' id='word_1_222' title='bbox 245 2873 352 2935; x_wconf 88' lang='lat' dir='ltr'>heroe</span> <span class='ocrx_word' id='word_1_223' title='bbox 367 2871 552 2934; x_wconf 78' lang='lat' dir='ltr'>libertatem</span> <span class='ocrx_word' id='word_1_224' title='bbox 568 2882 677 2932; x_wconf 83' lang='lat' dir='ltr'>essent</span> <span class='ocrx_word' id='word_1_225' title='bbox 690 2865 850 2950; x_wconf 77' lang='lat' dir='ltr'>aneprib),</span> <span class='ocrx_word' id='word_1_226' title='bbox 909 2871 1069 2933; x_wconf 82' lang='lat' dir='ltr'>suscitatis</span> <span class='ocrx_word' id='word_1_227' title='bbox 1085 2867 1221 2931; x_wconf 81' lang='lat' dir='ltr'>subinde</span> <span class='ocrx_word' id='word_1_228' title='bbox 1233 2873 1401 2935; x_wconf 71' lang='lat' dir='ltr'>veteribus</span> <span class='ocrx_word' id='word_1_229' title='bbox 1413 2887 1560 2936; x_wconf 78' lang='lat' dir='ltr'>cessante</span> <span class='ocrx_word' id='word_1_230' title='bbox 1578 2871 1655 2935; x_wconf 87' lang='lat' dir='ltr'>adn·</span> 
     </span>
     <span class='ocr_line' id='line_1_31' title="bbox 103 2969 1654 3058; baseline 0 -22"><span class='ocrx_word' id='word_1_231' title='bbox 103 2975 217 3036; x_wconf 70' lang='lat' dir='ltr'>verius</span> <span class='ocrx_word' id='word_1_232' title='bbox 234 2975 374 3052; x_wconf 84' lang='lat' dir='ltr'>Cicero,</span> <span class='ocrx_word' id='word_1_233' title='bbox 396 2973 485 3058; x_wconf 84' lang='lat' dir='ltr'>quorl</span> <span class='ocrx_word' id='word_1_234' title='bbox 502 2992 544 3034; x_wconf 89' lang='lat' dir='ltr'>nc</span> <span class='ocrx_word' id='word_1_235' title='bbox 567 2969 700 3052; x_wconf 84' lang='lat' dir='ltr'>regibus</span> <span class='ocrx_word' id='word_1_236' title='bbox 718 2969 853 3054; x_wconf 84' lang='lat' dir='ltr'>quidem</span> <span class='ocrx_word' id='word_1_237' title='bbox 907 2969 1037 3034; x_wconf 77' lang='lat' dir='ltr'>lationis</span> <span class='ocrx_word' id='word_1_238' title='bbox 1062 2991 1175 3045; x_wconf 85' lang='lat' dir='ltr'>causa,</span> <span class='ocrx_word' id='word_1_239' title='bbox 1199 2973 1287 3054; x_wconf 89' lang='lat' dir='ltr'>qnod</span> <span class='ocrx_word' id='word_1_240' title='bbox 1308 2975 1420 3037; x_wconf 83' lang='lat' dir='ltr'>facere</span> <span class='ocrx_word' id='word_1_241' title='bbox 1446 2995 1522 3038; x_wconf 86' lang='lat' dir='ltr'>sane</span> <span class='ocrx_word' id='word_1_242' title='bbox 1547 2974 1654 3058; x_wconf 79' lang='lat' dir='ltr'>potnit</span> 
     </span>
     <span class='ocr_line' id='line_1_32' title="bbox 102 3071 1652 3160; baseline 0.001 -22"><span class='ocrx_word' id='word_1_243' title='bbox 102 3077 504 3160; x_wconf 64' lang='lat' dir='ltr'>unquamparuissensc).</span> <span class='ocrx_word' id='word_1_244' title='bbox 527 3071 851 3134; x_wconf 85' lang='lat' dir='ltr'>ldcmilloscorum·</span> <span class='ocrx_word' id='word_1_245' title='bbox 894 3071 990 3135; x_wconf 86' lang='lat' dir='ltr'>-nrba</span> <span class='ocrx_word' id='word_1_246' title='bbox 1025 3073 1130 3157; x_wconf 85' lang='lat' dir='ltr'>aliqua</span> <span class='ocrx_word' id='word_1_247' title='bbox 1160 3073 1300 3153; x_wconf 83' lang='lat' dir='ltr'>Pyramo</span> <span class='ocrx_word' id='word_1_248' title='bbox 1338 3075 1466 3152; x_wconf 83' lang='lat' dir='ltr'>adsita,</span> <span class='ocrx_word' id='word_1_249' title='bbox 1499 3088 1533 3138; x_wconf 80' lang='lat' dir='ltr'>et</span> <span class='ocrx_word' id='word_1_250' title='bbox 1563 3075 1652 3139; x_wconf 80' lang='lat' dir='ltr'>forte</span> 
     </span>
     <span class='ocr_line' id='line_1_33' title="bbox 102 3172 1655 3262; baseline 0 -24"><span class='ocrx_word' id='word_1_251' title='bbox 102 3199 168 3261; x_wconf 81' lang='lat' dir='ltr'>que</span> <span class='ocrx_word' id='word_1_252' title='bbox 195 3177 353 3262; x_wconf 84' lang='lat' dir='ltr'>oppidum</span> <span class='ocrx_word' id='word_1_253' title='bbox 379 3175 608 3238; x_wconf 78' lang='lat' dir='ltr'>Pindenissum</span> <span class='ocrx_word' id='word_1_254' title='bbox 632 3172 672 3236; x_wconf 86' lang='lat' dir='ltr'>ad</span> <span class='ocrx_word' id='word_1_255' title='bbox 691 3175 851 3235; x_wconf 81' lang='lat' dir='ltr'>Amanum</span> <span class='ocrx_word' id='word_1_256' title='bbox 908 3173 989 3236; x_wconf 86' lang='lat' dir='ltr'>haec</span> <span class='ocrx_word' id='word_1_257' title='bbox 1019 3175 1089 3257; x_wconf 81' lang='lat' dir='ltr'>ipsa</span> <span class='ocrx_word' id='word_1_258' title='bbox 1109 3175 1323 3258; x_wconf 48' lang='lat' dir='ltr'>Mopsuestia,</span> <span class='ocrx_word' id='word_1_259' title='bbox 1363 3177 1465 3261; x_wconf 78' lang='lat' dir='ltr'>Atqui</span> <span class='ocrx_word' id='word_1_260' title='bbox 1501 3191 1534 3240; x_wconf 83' lang='lat' dir='ltr'>ct</span> <span class='ocrx_word' id='word_1_261' title='bbox 1565 3175 1655 3238; x_wconf 83' lang='lat' dir='ltr'>istud</span> 
     </span>
     <span class='ocr_line' id='line_1_34' title="bbox 101 3274 1653 3364; baseline 0.002 -27"><span class='ocrx_word' id='word_1_262' title='bbox 101 3275 157 3340; x_wconf 83' lang='lat' dir='ltr'>M.</span> <span class='ocrx_word' id='word_1_263' title='bbox 178 3279 360 3342; x_wconf 75' lang='lat' dir='ltr'>coustituit.</span> <span class='ocrx_word' id='word_1_264' title='bbox 402 3279 529 3346; x_wconf 85' lang='lat' dir='ltr'>Verum</span> <span class='ocrx_word' id='word_1_265' title='bbox 557 3277 639 3339; x_wconf 88' lang='lat' dir='ltr'>baec</span> <span class='ocrx_word' id='word_1_266' title='bbox 667 3275 736 3357; x_wconf 89' lang='lat' dir='ltr'>ipsa</span> <span class='ocrx_word' id='word_1_267' title='bbox 759 3274 851 3337; x_wconf 90' lang='lat' dir='ltr'>Cice·</span> <span class='ocrx_word' id='word_1_268' title='bbox 907 3274 1061 3353; x_wconf 87' lang='lat' dir='ltr'>dubium,</span> <span class='ocrx_word' id='word_1_269' title='bbox 1091 3291 1200 3339; x_wconf 80' lang='lat' dir='ltr'>utrum</span> <span class='ocrx_word' id='word_1_270' title='bbox 1236 3292 1336 3364; x_wconf 74' lang='lat' dir='ltr'>capul</span> <span class='ocrx_word' id='word_1_271' title='bbox 1353 3279 1448 3364; x_wconf 86' lang='lat' dir='ltr'>hujus</span> <span class='ocrx_word' id='word_1_272' title='bbox 1478 3279 1569 3340; x_wconf 90' lang='lat' dir='ltr'>numi</span> <span class='ocrx_word' id='word_1_273' title='bbox 1599 3297 1653 3340; x_wconf 86' lang='lat' dir='ltr'>rc·</span> 
     </span>
     <span class='ocr_line' id='line_1_35' title="bbox 99 3375 1652 3462; baseline 0.001 -22"><span class='ocrx_word' id='word_1_274' title='bbox 99 3381 193 3442; x_wconf 80' lang='lat' dir='ltr'>renis</span> <span class='ocrx_word' id='word_1_275' title='bbox 217 3381 406 3444; x_wconf 74' lang='lat' dir='ltr'>testimonia</span> <span class='ocrx_word' id='word_1_276' title='bbox 427 3381 601 3462; x_wconf 82' lang='lat' dir='ltr'>hie,·quos</span> <span class='ocrx_word' id='word_1_277' title='bbox 625 3399 736 3442; x_wconf 90' lang='lat' dir='ltr'>coram</span> <span class='ocrx_word' id='word_1_278' title='bbox 752 3375 851 3438; x_wconf 86' lang='lat' dir='ltr'>habe·</span> <span class='ocrx_word' id='word_1_279' title='bbox 908 3397 986 3442; x_wconf 82' lang='lat' dir='ltr'>vera</span> <span class='ocrx_word' id='word_1_280' title='bbox 1003 3378 1044 3440; x_wconf 81' lang='lat' dir='ltr'>sit</span> <span class='ocrx_word' id='word_1_281' title='bbox 1066 3379 1197 3445; x_wconf 89' lang='lat' dir='ltr'>Seleuci</span> <span class='ocrx_word' id='word_1_282' title='bbox 1212 3381 1267 3448; x_wconf 86' lang='lat' dir='ltr'>Vl.</span> <span class='ocrx_word' id='word_1_283' title='bbox 1299 3381 1416 3444; x_wconf 87' lang='lat' dir='ltr'>Fracta</span> <span class='ocrx_word' id='word_1_284' title='bbox 1432 3379 1495 3461; x_wconf 86' lang='lat' dir='ltr'>jam</span> <span class='ocrx_word' id='word_1_285' title='bbox 1514 3393 1582 3443; x_wconf 85' lang='lat' dir='ltr'>tum</span> <span class='ocrx_word' id='word_1_286' title='bbox 1600 3399 1652 3442; x_wconf 86' lang='lat' dir='ltr'>re·</span> 
     </span>
     <span class='ocr_line' id='line_1_36' title="bbox 98 3476 1652 3572; baseline 0 -32"><span class='ocrx_word' id='word_1_287' title='bbox 98 3501 190 3558; x_wconf 86' lang='lat' dir='ltr'>mus,</span> <span class='ocrx_word' id='word_1_288' title='bbox 214 3482 604 3572; x_wconf 37' lang='lat' dir='ltr'>Cilicihus&#39;praesentem</span> <span class='ocrx_word' id='word_1_289' title='bbox 629 3500 761 3542; x_wconf 90' lang='lat' dir='ltr'>numum</span> <span class='ocrx_word' id='word_1_290' title='bbox 784 3476 850 3538; x_wconf 88' lang='lat' dir='ltr'>adi·</span> <span class='ocrx_word' id='word_1_291' title='bbox 908 3500 990 3564; x_wconf 84' lang='lat' dir='ltr'>gum·</span> <span class='ocrx_word' id='word_1_292' title='bbox 1008 3479 1121 3562; x_wconf 79' lang='lat' dir='ltr'>Syriae</span> <span class='ocrx_word' id='word_1_293' title='bbox 1142 3481 1291 3565; x_wconf 75' lang='lat' dir='ltr'>potentia</span> <span class='ocrx_word' id='word_1_294' title='bbox 1319 3496 1406 3545; x_wconf 81' lang='lat' dir='ltr'>tanco</span> <span class='ocrx_word' id='word_1_295' title='bbox 1440 3479 1652 3552; x_wconf 67' lang='lat' dir='ltr'>minusucri·</span> 
     </span>
     <span class='ocr_line' id='line_1_37' title="bbox 98 3579 1656 3666; baseline -0.001 -23"><span class='ocrx_word' id='word_1_296' title='bbox 98 3597 217 3658; x_wconf 85' lang='lat' dir='ltr'>mnnt;</span> <span class='ocrx_word' id='word_1_297' title='bbox 242 3605 317 3646; x_wconf 89' lang='lat' dir='ltr'>nam</span> <span class='ocrx_word' id='word_1_298' title='bbox 343 3603 530 3666; x_wconf 81' lang='lat' dir='ltr'>repugnare</span> <span class='ocrx_word' id='word_1_299' title='bbox 551 3582 683 3648; x_wconf 79' lang='lat' dir='ltr'>videtur</span> <span class='ocrx_word' id='word_1_300' title='bbox 710 3579 849 3664; x_wconf 89' lang='lat' dir='ltr'>primum</span> <span class='ocrx_word' id='word_1_301' title='bbox 908 3579 1015 3644; x_wconf 84' lang='lat' dir='ltr'>simile</span> <span class='ocrx_word' id='word_1_302' title='bbox 1040 3581 1075 3642; x_wconf 89' lang='lat' dir='ltr'>in</span> <span class='ocrx_word' id='word_1_303' title='bbox 1101 3581 1234 3646; x_wconf 84' lang='lat' dir='ltr'>Ciliciae</span> <span class='ocrx_word' id='word_1_304' title='bbox 1265 3583 1400 3646; x_wconf 85' lang='lat' dir='ltr'>urbibus</span> <span class='ocrx_word' id='word_1_305' title='bbox 1426 3603 1501 3645; x_wconf 91' lang='lat' dir='ltr'>cum</span> <span class='ocrx_word' id='word_1_306' title='bbox 1531 3580 1656 3643; x_wconf 85' lang='lat' dir='ltr'>horum</span> 
     </span>
     <span class='ocr_line' id='line_1_38' title="bbox 97 3681 1651 3769; baseline -0.002 -23"><span class='ocrx_word' id='word_1_307' title='bbox 97 3699 305 3750; x_wconf 84' lang='lat' dir='ltr'>memoratus</span> <span class='ocrx_word' id='word_1_308' title='bbox 326 3685 361 3746; x_wconf 89' lang='lat' dir='ltr'>iu</span> <span class='ocrx_word' id='word_1_309' title='bbox 384 3705 482 3747; x_wconf 90' lang='lat' dir='ltr'>numo</span> <span class='ocrx_word' id='word_1_310' title='bbox 504 3686 682 3768; x_wconf 86' lang='lat' dir='ltr'>Pyramus,</span> <span class='ocrx_word' id='word_1_311' title='bbox 710 3682 765 3765; x_wconf 89' lang='lat' dir='ltr'>qni</span> <span class='ocrx_word' id='word_1_312' title='bbox 787 3701 851 3741; x_wconf 88' lang='lat' dir='ltr'>ma·</span> <span class='ocrx_word' id='word_1_313' title='bbox 908 3683 1014 3766; x_wconf 84' lang='lat' dir='ltr'>capite</span> <span class='ocrx_word' id='word_1_314' title='bbox 1039 3682 1181 3764; x_wconf 80' lang='lat' dir='ltr'>signatae</span> <span class='ocrx_word' id='word_1_315' title='bbox 1199 3704 1333 3761; x_wconf 82' lang='lat' dir='ltr'>numos,</span> <span class='ocrx_word' id='word_1_316' title='bbox 1356 3682 1486 3769; x_wconf 89' lang='lat' dir='ltr'>quando</span> <span class='ocrx_word' id='word_1_317' title='bbox 1504 3681 1651 3746; x_wconf 81' lang='lat' dir='ltr'>florenti-</span> 
     </span>
     <span class='ocr_line' id='line_1_39' title="bbox 97 3783 1652 3868; baseline -0.002 -18"><span class='ocrx_word' id='word_1_318' title='bbox 97 3788 149 3868; x_wconf 84' lang='lat' dir='ltr'>gis</span> <span class='ocrx_word' id='word_1_319' title='bbox 179 3803 257 3852; x_wconf 77' lang='lat' dir='ltr'>erat</span> <span class='ocrx_word' id='word_1_320' title='bbox 284 3790 317 3850; x_wconf 88' lang='lat' dir='ltr'>in</span> <span class='ocrx_word' id='word_1_321' title='bbox 347 3807 521 3868; x_wconf 87' lang='lat' dir='ltr'>occasum,</span> <span class='ocrx_word' id='word_1_322' title='bbox 555 3787 674 3852; x_wconf 89' lang='lat' dir='ltr'>deinde</span> <span class='ocrx_word' id='word_1_323' title='bbox 702 3786 851 3850; x_wconf 82' lang='lat' dir='ltr'>auveri-</span> <span class='ocrx_word' id='word_1_324' title='bbox 878 3795 880 3800; x_wconf 87' lang='grc'><strong>’</strong></span> <span class='ocrx_word' id='word_1_325' title='bbox 907 3784 967 3846; x_wconf 87' lang='lat' dir='ltr'>hus</span> <span class='ocrx_word' id='word_1_326' title='bbox 988 3785 1127 3846; x_wconf 84' lang='lat' dir='ltr'>maxime</span> <span class='ocrx_word' id='word_1_327' title='bbox 1148 3805 1263 3847; x_wconf 90' lang='lat' dir='ltr'>eornm</span> <span class='ocrx_word' id='word_1_328' title='bbox 1281 3787 1383 3850; x_wconf 84' lang='lat' dir='ltr'>rebus</span> <span class='ocrx_word' id='word_1_329' title='bbox 1404 3783 1530 3847; x_wconf 88' lang='lat' dir='ltr'>nullum</span> <span class='ocrx_word' id='word_1_330' title='bbox 1552 3783 1652 3847; x_wconf 85' lang='lat' dir='ltr'>habe·</span> 
     </span>
     <span class='ocr_line' id='line_1_40' title="bbox 94 3887 1656 3974; baseline 0.001 -26"><span class='ocrx_word' id='word_1_331' title='bbox 94 3887 233 3966; x_wconf 85' lang='lat' dir='ltr'>simile,</span> <span class='ocrx_word' id='word_1_332' title='bbox 261 3911 320 3954; x_wconf 87' lang='lat' dir='ltr'>ecs</span> <span class='ocrx_word' id='word_1_333' title='bbox 350 3911 425 3954; x_wconf 91' lang='lat' dir='ltr'>cum</span> <span class='ocrx_word' id='word_1_334' title='bbox 452 3892 542 3974; x_wconf 83' lang='lat' dir='ltr'>regia</span> <span class='ocrx_word' id='word_1_335' title='bbox 571 3892 677 3974; x_wconf 74' lang='lat' dir='ltr'>capite</span> <span class='ocrx_word' id='word_1_336' title='bbox 705 3891 849 3974; x_wconf 72' lang='lat' dir='ltr'>signasse</span> <span class='ocrx_word' id='word_1_337' title='bbox 907 3899 1300 3964; x_wconf 60' lang='lat' dir='ltr'>morinummontem,</span> <span class='ocrx_word' id='word_1_338' title='bbox 1324 3908 1422 3973; x_wconf 88' lang='lat' dir='ltr'>quem</span> <span class='ocrx_word' id='word_1_339' title='bbox 1448 3887 1518 3969; x_wconf 90' lang='lat' dir='ltr'>cjns</span> <span class='ocrx_word' id='word_1_340' title='bbox 1542 3887 1656 3970; x_wconf 82' lang='lat' dir='ltr'>regio·</span> 
     </span>
     <span class='ocr_line' id='line_1_41' title="bbox 94 3987 1654 4078; baseline 0.001 -28"><span class='ocrx_word' id='word_1_341' title='bbox 94 4011 244 4068; x_wconf 82' lang='lat' dir='ltr'>numos,</span> <span class='ocrx_word' id='word_1_342' title='bbox 286 4013 367 4075; x_wconf 87' lang='lat' dir='ltr'>quos</span> <span class='ocrx_word' id='word_1_343' title='bbox 397 3993 481 4054; x_wconf 87' lang='lat' dir='ltr'>nulli</span> <span class='ocrx_word' id='word_1_344' title='bbox 511 4014 652 4078; x_wconf 87' lang='lat' dir='ltr'>unquam</span> <span class='ocrx_word' id='word_1_345' title='bbox 683 3992 757 4074; x_wconf 86' lang='lat' dir='ltr'>regi</span> <span class='ocrx_word' id='word_1_346' title='bbox 796 4013 851 4072; x_wconf 86' lang='lat' dir='ltr'>pa·</span> <span class='ocrx_word' id='word_1_347' title='bbox 906 3987 957 4050; x_wconf 87' lang='lat' dir='ltr'>nis</span> <span class='ocrx_word' id='word_1_348' title='bbox 973 3987 1070 4050; x_wconf 88' lang='lat' dir='ltr'>nrbes</span> <span class='ocrx_word' id='word_1_349' title='bbox 1089 4007 1161 4050; x_wconf 90' lang='lat' dir='ltr'>cum</span> <span class='ocrx_word' id='word_1_350' title='bbox 1177 3989 1272 4073; x_wconf 81' lang='lat' dir='ltr'>regio</span> <span class='ocrx_word' id='word_1_351' title='bbox 1289 3990 1403 4074; x_wconf 85' lang='lat' dir='ltr'>Syriae</span> <span class='ocrx_word' id='word_1_352' title='bbox 1421 3989 1526 4072; x_wconf 81' lang='lat' dir='ltr'>capite</span> <span class='ocrx_word' id='word_1_353' title='bbox 1545 3987 1654 4052; x_wconf 86' lang='lat' dir='ltr'>feriis·</span> 
     </span>
     <span class='ocr_line' id='line_1_42' title="bbox 93 4088 1652 4176; baseline -0.001 -20"><span class='ocrx_word' id='word_1_354' title='bbox 93 4094 206 4156; x_wconf 81' lang='lat' dir='ltr'>ruisse</span> <span class='ocrx_word' id='word_1_355' title='bbox 224 4093 315 4158; x_wconf 85' lang='lat' dir='ltr'>idem</span> <span class='ocrx_word' id='word_1_356' title='bbox 331 4095 459 4159; x_wconf 77' lang='lat' dir='ltr'>ralerli</span> <span class='ocrx_word' id='word_1_357' title='bbox 487 4095 651 4164; x_wconf 80' lang='lat' dir='ltr'>Videntur</span> <span class='ocrx_word' id='word_1_358' title='bbox 667 4112 850 4176; x_wconf 85' lang='lat' dir='ltr'>repugnan·</span> <span class='ocrx_word' id='word_1_359' title='bbox 907 4103 990 4154; x_wconf 86' lang='lat' dir='ltr'>sent.</span> <span class='ocrx_word' id='word_1_360' title='bbox 1028 4088 1186 4170; x_wconf 81' lang='lat' dir='ltr'>Haymius</span> <span class='ocrx_word' id='word_1_361' title='bbox 1203 4089 1244 4152; x_wconf 87' lang='lat' dir='ltr'>ad</span> <span class='ocrx_word' id='word_1_362' title='bbox 1263 4089 1330 4154; x_wconf 81' lang='lat' dir='ltr'>oris</span> <span class='ocrx_word' id='word_1_363' title='bbox 1352 4091 1549 4155; x_wconf 76' lang='lat' dir='ltr'>lineamenta</span> <span class='ocrx_word' id='word_1_364' title='bbox 1575 4111 1652 4174; x_wconf 88' lang='lat' dir='ltr'>pro·</span> 
     </span>
     <span class='ocr_line' id='line_1_43' title="bbox 90 4191 1653 4290; baseline -0.003 -34"><span class='ocrx_word' id='word_1_365' title='bbox 90 4197 136 4256; x_wconf 82' lang='lat' dir='ltr'>lia</span> <span class='ocrx_word' id='word_1_366' title='bbox 158 4196 251 4260; x_wconf 82' lang='lat' dir='ltr'>lasec</span> <span class='ocrx_word' id='word_1_367' title='bbox 283 4210 474 4280; x_wconf 81' lang='lat' dir='ltr'>argumenta</span> <span class='ocrx_word' id='word_1_368' title='bbox 494 4195 634 4280; x_wconf 76' lang='lat' dir='ltr'>Hapruio</span> <span class='ocrx_word' id='word_1_369' title='bbox 660 4216 727 4258; x_wconf 89' lang='lat' dir='ltr'>nou</span> <span class='ocrx_word' id='word_1_370' title='bbox 747 4195 865 4290; x_wconf 58' lang='lat' dir='ltr'>fuisse⁸</span> <span class='ocrx_word' id='word_1_371' title='bbox 907 4205 1018 4268; x_wconf 86' lang='lat' dir='ltr'>vocat,</span> <span class='ocrx_word' id='word_1_372' title='bbox 1041 4191 1193 4276; x_wconf 89' lang='lat' dir='ltr'>ambiguo</span> <span class='ocrx_word' id='word_1_373' title='bbox 1212 4192 1359 4258; x_wconf 83' lang='lat' dir='ltr'>criterio.</span> <span class='ocrx_word' id='word_1_374' title='bbox 1381 4195 1483 4258; x_wconf 86' lang='lat' dir='ltr'>Forte</span> <span class='ocrx_word' id='word_1_375' title='bbox 1501 4205 1598 4276; x_wconf 87' lang='lat' dir='ltr'>capnt</span> <span class='ocrx_word' id='word_1_376' title='bbox 1613 4192 1653 4252; x_wconf 91' lang='lat' dir='ltr'>il·</span> 
     </span>
     <span class='ocr_line' id='line_1_44' title="bbox 92 4293 1657 4391; baseline -0.001 -35"><span class='ocrx_word' id='word_1_377' title='bbox 92 4297 227 4380; x_wconf 82' lang='lat' dir='ltr'>ignota.</span> <span class='ocrx_word' id='word_1_378' title='bbox 275 4297 386 4391; x_wconf 81' lang='lat' dir='ltr'>Quare</span> <span class='ocrx_word' id='word_1_379' title='bbox 418 4319 495 4361; x_wconf 88' lang='lat' dir='ltr'>cum</span> <span class='ocrx_word' id='word_1_380' title='bbox 527 4300 561 4360; x_wconf 93' lang='lat' dir='ltr'>iu</span> <span class='ocrx_word' id='word_1_381' title='bbox 591 4319 691 4360; x_wconf 87' lang='lat' dir='ltr'>numo</span> <span class='ocrx_word' id='word_1_382' title='bbox 729 4297 852 4362; x_wconf 77' lang='lat' dir='ltr'>mencio</span> <span class='ocrx_word' id='word_1_383' title='bbox 909 4294 967 4357; x_wconf 77' lang='lat' dir='ltr'>llud</span> <span class='ocrx_word' id='word_1_384' title='bbox 991 4307 1041 4358; x_wconf 84' lang='lat' dir='ltr'>est</span> <span class='ocrx_word' id='word_1_385' title='bbox 1061 4293 1170 4378; x_wconf 84' lang='lat' dir='ltr'>reguli</span> <span class='ocrx_word' id='word_1_386' title='bbox 1191 4293 1368 4379; x_wconf 86' lang='lat' dir='ltr'>cujuspiam</span> <span class='ocrx_word' id='word_1_387' title='bbox 1387 4295 1517 4372; x_wconf 86' lang='lat' dir='ltr'>Cilicia,</span> <span class='ocrx_word' id='word_1_388' title='bbox 1538 4294 1657 4378; x_wconf 70' lang='lat' dir='ltr'>qualec</span> 
     </span>
     <span class='ocr_line' id='line_1_45' title="bbox 86 4396 1654 4484; baseline -0.003 -24"><span class='ocrx_word' id='word_1_389' title='bbox 86 4397 148 4462; x_wconf 80' lang='lat' dir='ltr'>iias</span> <span class='ocrx_word' id='word_1_390' title='bbox 172 4401 315 4482; x_wconf 81' lang='lat' dir='ltr'>Pyrami</span> <span class='ocrx_word' id='word_1_391' title='bbox 341 4401 455 4476; x_wconf 77' lang='lat' dir='ltr'>ssusii,</span> <span class='ocrx_word' id='word_1_392' title='bbox 486 4413 521 4464; x_wconf 79' lang='lat' dir='ltr'>et</span> <span class='ocrx_word' id='word_1_393' title='bbox 550 4399 750 4484; x_wconf 74' lang='lat' dir='ltr'>Mopsuestia</span> <span class='ocrx_word' id='word_1_394' title='bbox 775 4399 851 4462; x_wconf 83' lang='lat' dir='ltr'>hnic</span> <span class='ocrx_word' id='word_1_395' title='bbox 908 4396 1020 4480; x_wconf 88' lang='lat' dir='ltr'>plures</span> <span class='ocrx_word' id='word_1_396' title='bbox 1038 4417 1156 4462; x_wconf 83' lang='lat' dir='ltr'>ereren</span> <span class='ocrx_word' id='word_1_397' title='bbox 1172 4397 1286 4481; x_wconf 84' lang='lat' dir='ltr'>Syriae</span> <span class='ocrx_word' id='word_1_398' title='bbox 1305 4419 1410 4484; x_wconf 83' lang='lat' dir='ltr'>regno</span> <span class='ocrx_word' id='word_1_399' title='bbox 1428 4397 1561 4462; x_wconf 84' lang='lat' dir='ltr'>Ciliciae</span> <span class='ocrx_word' id='word_1_400' title='bbox 1579 4415 1654 4477; x_wconf 80' lang='lat' dir='ltr'>par·</span> 
     </span>
     <span class='ocr_line' id='line_1_46' title="bbox 82 4501 1195 4586; baseline 0.001 -23"><span class='ocrx_word' id='word_1_401' title='bbox 82 4501 204 4566; x_wconf 77' lang='lat' dir='ltr'>adsita</span> <span class='ocrx_word' id='word_1_402' title='bbox 227 4501 353 4580; x_wconf 66' lang='lat' dir='ltr'>luent,</span> <span class='ocrx_word' id='word_1_403' title='bbox 370 4502 522 4586; x_wconf 82' lang='lat' dir='ltr'>conjicit,</span> <span class='ocrx_word' id='word_1_404' title='bbox 544 4505 796 4586; x_wconf 78' lang='lat' dir='ltr'>Mopsueslcnos</span> <span class='ocrx_word' id='word_1_405' title='bbox 815 4521 850 4564; x_wconf 83' lang='lat' dir='ltr'>aa</span> <span class='ocrx_word' id='word_1_406' title='bbox 907 4511 973 4562; x_wconf 87' lang='lat' dir='ltr'>tem</span> <span class='ocrx_word' id='word_1_407' title='bbox 995 4513 1144 4564; x_wconf 66' lang='lat' dir='ltr'>lennerea</span> <span class='ocrx_word' id='word_1_408' title='bbox 1189 4571 1195 4578; x_wconf 57' lang='lat'>‚</span> 
     </span>
    </p>
   </div>
   <div class='ocr_carea' id='block_1_10' title="bbox 120 4803 1531 4958">
    <p class='ocr_par' dir='ltr' id='par_1_11' title="bbox 120 4803 1531 4958">
     <span class='ocr_line' id='line_1_47' title="bbox 120 4803 1531 4958; baseline 0 -94"><span class='ocrx_word' id='word_1_409' title='bbox 120 4811 157 4882; x_wconf 77' lang='lat' dir='ltr'>a)</span> <span class='ocrx_word' id='word_1_410' title='bbox 182 4808 663 4888; x_wconf 75' lang='lat' dir='ltr'>B.L.T.xx1x.hiu.p.225.</span> <span class='ocrx_word' id='word_1_411' title='bbox 736 4807 997 4884; x_wconf 71' lang='lat' dir='ltr'>b)1:.111.·c.55.</span> <span class='ocrx_word' id='word_1_412' title='bbox 1071 4811 1102 4881; x_wconf 87' lang='lat' dir='ltr'>c)</span> <span class='ocrx_word' id='word_1_413' title='bbox 1122 4808 1162 4864; x_wconf 86' lang='lat' dir='ltr'>ad</span> <span class='ocrx_word' id='word_1_414' title='bbox 1179 4803 1335 4958; x_wconf 48' lang='lat' dir='ltr'>Pompilio</span> <span class='ocrx_word' id='word_1_415' title='bbox 1351 4803 1416 4861; x_wconf 89' lang='lat' dir='ltr'>XV.</span> <span class='ocrx_word' id='word_1_416' title='bbox 1438 4812 1531 4880; x_wconf 75' lang='lat' dir='ltr'>opla-</span> 
     </span>
    </p>
   </div>
   <div class='ocr_carea' id='block_1_11' title="bbox 0 0 2084 5454">
    <p class='ocr_par' dir='ltr' id='par_1_12' title="bbox 0 0 2084 5454">
     <span class='ocr_line' id='line_1_48' title="bbox 0 0 2084 5454; baseline 0 14"><span class='ocrx_word' id='word_1_417' title='bbox 0 0 2084 5454; x_wconf 95' lang='lat' dir='ltr'> </span> 
     </span>
    </p>
   </div>
  </div>
 </body>
</html>
