4160 5454
570 559 893 652 SELEVCts,
932 559 1153 634 niceta.
1555 572 1625 651 aot

165 733 286 808 Alius,
310 731 372 794 ted
391 749 464 792 eam
491 747 579 793 anno
606 723 702 793 ΕΞΡ.
737 729 838 808 (lhos.
1107 729 1428 797 ANTIOCHIA.

115 831 387 914 Caes.Pellerin.)
1315 885 1321 902 ,

165 935 265 998 Alius
285 943 366 1015 typo
387 931 478 994 Iovis
500 928 711 994 Antiocheni
728 931 841 995 seden-
959 929 1097 996 condita
1113 932 1287 998 Antiochia
1302 955 1320 996 a
1336 933 1479 1000 Seleuco
1496 939 1522 1004 1.
1545 939 1641 1006 Nica·

115 1041 160 1104 tis.
178 1033 307 1098 Alilll.
331 1033 478 1114 (Hnnter
493 1029 557 1097 tao.
573 1032 643 1113 48.)
896 1044 989 1110 tore,
1010 1032 1111 1095 indita
1135 1035 1353 1117 appellatione
1371 1056 1413 1098 ex
1433 1037 1566 1102 nomine
1585 1061 1641 1123 pa·
1658 1031 1671 1052 ‘

168 1137 267 1218 Caput
284 1134 433 1195 Dianae.
454 1129 479 1192 Ξ
505 1133 629 1194 Eadem
648 1134 835 1217 epigraphe.
893 1132 957 1196 teia
973 1133 1148 1210 Antiochi,
1177 1148 1213 1198 ut
1234 1137 1339 1200 visum
1362 1139 1485 1202 Iustino
1502 1135 1534 1220 ιί)
1551 1139 1642 1205 Stra·

114 1233 194 1300 ΕΞΡ.
237 1233 377 1312 Tripus,
409 1235 521 1295 amnia
553 1237 647 1297 intra
677 1233 836 1300 lauream.
893 1231 973 1297 honi
989 1236 1017 1315 ο)
1044 1247 1079 1296 et
1100 1233 1241 1299 hibenio
1254 1234 1295 1318 s).
1335 1241 1459 1303 Tamen
1496 1241 1642 1307 lulianus

113 1341 197 1422 (llus.
211 1335 300 1400 Gaea.
315 1333 435 1414 Haym.
458 1334 482 1398 1.
497 1334 567 1414 c.)·
893 1335 972 1420 imp.
986 1334 1123 1398 inditam
1136 1355 1257 1400 nomen
1271 1336 1312 1399 ab
1323 1340 1487 1405 Antiocho
1499 1341 1569 1406 filio
1585 1342 1643 1407 arl-

165 1438 283 1511 Attus,
303 1436 367 1496 sed
381 1454 456 1496 cum
472 1455 560 1496 anno
578 1425 686 1498 ΕΠΡ.
709 1436 838 1498 Mulier
895 1439 976 1500 serit
991 1438 1039 1518 t),
1068 1437 1102 1496 in
1126 1457 1188 1522 qua
1208 1437 1360 1522 opinione
1379 1443 1441 1505 fuit
1459 1442 1556 1506 etiam
1572 1446 1641 1508 Ma·

111 1537 225 1603 stansdi
233 1555 402 1613 coronam,
412 1556 439 1598 s.
456 1539 686 1618 cornucopiae.
702 1537 838 1604 Ali-Ill,
894 1537 976 1616 lala,
992 1536 1055 1601 etsi
1066 1538 1255 1602 Pausaniam
1270 1541 1348 1602 citet
1361 1541 1454 1606 idom·
1464 1564 1537 1607 cum
1550 1545 1638 1628 prio·

113 1643 197 1724 (llus.
216 1635 328 1716 Caes.)
894 1637 986 1703 rihns
998 1638 1211 1717 sentientem,
1226 1639 1555 1727 addita-caussaeque
1570 1646 1639 1708 ine-

164 1735 436 1805 manuscritti
453 1735 505 1800 hia
523 1735 598 1801 sere
616 1735 757 1818 similes,
779 1739 844 1804 sed
894 1753 951 1824 pta
969 1760 1006 1804 ac
1026 1739 1127 1821 falsa,
1149 1742 1315 1803 neminem
1332 1741 1538 1808 conditorem
1557 1765 1644 1829 opor

112 1843 189 1908 nullo
204 1839 350 1927 epochae
370 1857 455 1902 anno
472 1837 635 1923 insignes,
653 1839 739 1928 apati
752 1843 839 1924 Ray·
896 1861 988 1906 suem
1008 1863 1050 1905 ex
1066 1843 1198 1908 nomiae
1215 1841 1337 1906 mortui
1353 1845 1535 1927 appellasse
1550 1845 1594 1928 ¹¹).

112 1945 195 2008 mum
213 1939 487 2006 etPelleriuiam.
958 1943 1040 2006 Cam
1062 1945 1174 2027 plures
1197 1957 1307 2008 essent
1323 1945 1534 2024 Antiochiae,
1556 1947 1643 2012 haec

161 2047 280 2109 Horam
298 2042 503 2128 epigraphen
517 2061 690 2108 nnmornn
706 2044 843 2130 elegan—
893 2056 1005 2108 nostra
1023 2044 1175 2108 dicta'est
1187 2045 1242 2110 rel
1253 2045 1423 2110 Antiochia
1435 2047 1565 2130 Syriae,
1581 2049 1642 2113 tel

112 2144 490 2230 tereaplicatStrabo,·),
506 2143 607 2207 fnisse
619 2146 771 2210 nimirum
779 2148 837 2211 Se·
890 2141 1075 2230 ireAaprp,
1095 2145 1220 2208 Latinis
1237 2147 1426 2210 Antiochia
1436 2150 1644 2232 Epidaphne,

111 2246 256 2313 leucidum
276 2245 400 2312 alictam
420 2245 613 2326 Tetrapolin
631 2247 680 2310 oh
698 2260 842 2332 quatuor
894 2245 983 2328 quod
1009 2245 1115 2311 vicina
1142 2245 1205 2310 init
1226 2245 1327 2311 silvae
1353 2245 1458 2311 dictae
1485 2251 1636 2330 Daphne,
1738 2251 1746 2266 ‘

111 2369 178 2434 pne
189 2349 309 2412 ceteris
322 2348 468 2412 illustres
480 2345 589 2422 arbes,
602 2346 835 2427 Antiochiam,
894 2345 936 2410 de
958 2368 1021 2432 qua
1042 2346 1145 2422 inira,
1167 2347 1223 2412 rel
1245 2345 1286 2410 aa
1311 2348 1466 2410 Orontem
1485 2347 1635 2426 fluviano,

112 2450 291 2528 Seleuciam,
306 2451 506 2532 Apameam,
522 2447 731 2526 Laodiceam,
750 2446 844 2531 imre
892 2447 948 2513 vel
964 2448 1154 2512 Antiochia
1175 2467 1314 2529 magam
1335 2461 1473 2530 propter
1491 2451 1633 2514 nominis

112 2575 153 2612 xm
169 2555 306 2638 stupeno
325 2539 697 2626 ἇλληλωιΑΔΕΛΦΑΙ
716 2541 771 2611 itu
784 2573 838 2628 rap
894 2547 1132 2614 celebritatem.
1156 2547 1260 2610 Sedes
1278 2548 1418 2630 primum
1439 2570 1558 2635 regum
1577 2551 1638 2633 Sy·

110 2651 250 2735 iponem,
274 2649 414 2716 Σιλιυκι
441 2659 478 2713 r'e
498 2644 677 2730 Nsxurogof
708 2665 836 2734 arsapu,
893 2651 979 2728 riae,
996 2648 1116 2714 deinde
1127 2652 1348 2712 Romanorum
1359 2651 1555 2734 praesidum,
1569 2673 1638 2718 om·

110 2773 180 2832 aare
191 2759 276 2818 inter
286 2765 467 2836 eapropter
479 2753 690 2814 concordiam
703 2751 838 2815 sotto-
880 2752 983 2814 ·nium
1000 2749 1136 2814 orientia
1149 2750 1279 2814 urbium
1293 2751 1554 2840 lacileprinceps
1564 2775 1643 2820 eta-

110 2853 187 2918 RES
207 2855 422 2930 dicebantur,
453 2850 648 2937 aedificatae
674 2854 792 2932 quippe
814 2873 836 2916 a
894 2852 956 2929 eit,
986 2851 1096 2934 magui
1119 2871 1158 2916 aa
1183 2853 1326 2934 nominis
1347 2852 1382 2914 in
1403 2853 1537 2920 historia
1561 2877 1642 2920 cunn

112 2955 231 3018 &leuca
240 2953 421 3032 Nicatore,
438 2953 590 3016 nimirum
602 2951 774 3016 Antiochia
794 2971 837 3017 ex
894 2973 1002 3030 sacra,
1023 2967 1091 3015 tum
1106 2952 1251 3035 prolana.

110 3055 212 3136 patris,
228 3055 381 3120 Seleucia
395 3075 437 3119 ex
450 3075 526 3132 sno,
542 3057 687 3139 Apamea
703 3075 743 3118 ex
758 3075 843 3118 axo-
957 3053 1038 3116 Cum
1055 3053 1171 3136 opibus
1186 3056 1374 3121 monetariis
1388 3077 1467 3142 prae
1485 3057 1642 3121 omnibus·

110 3157 164 3230 ris,
183 3158 343 3222 Laodicea
369 3175 411 3220 ex
433 3156 544 3220 matris
566 3156 711 3224 nomine.
746 3158 841 3220 latatl
893 3155 965 3219 aliis
989 3155 1124 3218 urbibus
1149 3155 1311 3234 abundet,
1333 3167 1459 3244 eaeque
1481 3157 1635 3241 multipli-

109 3258 213 3320 iisdem
239 3259 313 3323 iere
336 3257 449 3325 verbis
483 3259 693 3343 persequitur
721 3259 840 3322 Euata·
893 3258 939 3320 ais
961 3257 1024 3319 siut
1045 3255 1198 3341 generis,
1231 3278 1267 3322 ac
1292 3257 1402 3336 morli,
1432 3279 1569 3323 necesse
1592 3259 1635 3323 vi·

110 3357 238 3441 thien).
277 3359 449 3424 Eruditam
473 3359 556 3424 h'anc
583 3359 840 3444 explicationem
893 3379 987 3435 sum,
1018 3358 1052 3422 iu
1083 3360 1177 3441 plara
1211 3379 1266 3422 eea
1297 3362 1401 3446 capita
1433 3361 1639 3445 dispeacere,

107 3463 219 3541 primus
243 3461 368 3528 intexit
392 3464 584 3539 Massones,
614 3476 653 3526 et·
676 3462 835 3546 majorum
894 3481 1032 3544 quorum
1048 3461 1073 3520 1.
1093 3461 1273 3524 continebit
1290 3483 1406 3526 numos
1428 3461 1552 3545 epocha
1578 3481 1635 3522 no·

108 3561 205 3647 iniqua
226 3563 265 3628 tle
287 3563 340 3626 his
360 3562 466 3626 numia
486 3561 607 3646 judicia
631 3560 835 3643 correxitb).
892 3575 987 3627 tatoa.
1040 3564 1081 3624 ll.
1103 3561 1226 3625 Nomos
1257 3563 1487 3647 imperatorios
1519 3581 1634 3644 argeu-

107 3665 251 3744 Ejusdem
261 3665 397 3730 rationis
409 3679 459 3728 est
468 3685 584 3728 numos
594 3659 838 3728 ΠΛΩΤΙΝΟ-
893 3675 973 3726 teos·
991 3651 1061 3725 aine
1095 3663 1186 3724 annia
1223 3665 1378 3746 epochae.
1432 3666 1487 3729 lll.
1510 3663 1641 3726 Nomos

111 3761 251 3830 llOAlG.
290 3759 652 3832 ΔΟΜΗΝΟΠΟΛῙΟ.
696 3757 836 3828 ΑΔΕΛ·
892 3762 1122 3846 imperatorios
1165 3781 1286 3824 aeneos
1306 3756 1485 3846 'inscripto
1528 3765 1563 3830 S.
1595 3767 1632 3828 C.
1748 3833 1757 3854 ,

108 3857 221 3944 «ΜΒ,
237 3887 334 3953 quem
354 3866 430 3931 vitia
448 3869 482 3929 in
499 3881 629 3932 moneta
645 3867 836 3949 Plotinopo-
892 3865 948 3932 tv.
966 3865 1090 3926 Numoa
1106 3862 1299 3928 Antiochiae
1320 3863 1480 3930 coloniae.
1509 3867 1550 3934 V·
1566 3867 1632 3928 Nn·

109 3963 319 4035 lis'l'hraciae.
341 3968 415 4031 Alia
432 3971 582 4055 exempla
599 3969 728 4032 arbium
745 3987 835 4031 aoro-
892 3985 963 4028 mos
983 3963 1176 4027 Antiochiae
1198 3963 1365 4029 inferioris
1387 3967 1469 4032 aeti.
1500 3967 1633 4031 vitta-

108 4090 173 4132 rum
190 4069 291 4162 habea
304 4069 391 4154 apud
409 4069 640 4156 spanhemium
658 4073 700 4152 c).
892 4087 963 4130 mos
992 4065 1273 4131 Antiochenornm
1303 4081 1396 4136 extra
1425 4067 1637 4134 Antiochiam

164 4171 292 4253 Epccha
320 4173 355 4234 in
377 4173 429 4236 his
450 4174 557 4238 nemis
578 4188 628 4239 ast
648 4169 837 4238 Seleucida·
892 4169 1046 4254 aignatoa.

109 4291 176 4334 ram
194 4271 230 4336 ah
244 4293 329 4340 anno
343 4275 386 4342 V.
399 4275 436 4340 C.
454 4284 529 4354 aaa.
956 4272 1084 4356 Regum
1102 4269 1215 4353 Syriae
1230 4265 1353 4350 uumii,
1373 4271 1465 4356 qnod·
1477 4273 1639 4336 hactenus·

167 4373 238 4438 Ae.
257 4377 296 4440 li.
605 4412 609 4420 ·
744 4421 749 4432 ·
893 4387 1044 4450 constet,
1068 4371 1261 4438 Antiochiae
1293 4393 1413 4444 nomen
1441 4373 1639 4458 inscriptum·

141 4597 171 4664 a)
191 4595 233 4654 aa
253 4597 375 4674 Dionys.
400 4617 428 4661 t.
445 4607 509 4672 918·
605 4597 641 4672 b)
669 4598 773 4676 llaytn.
804 4599 826 4656 1.
847 4618 873 4658 e.
967 4599 998 4670 c)
1028 4601 1062 4658 T.
1078 4597 1117 4656 11.
1148 4615 1180 4676 p.
1197 4600 1261 4663 61?-
1360 4595 1394 4666 d)
1420 4595 1454 4653 L.
1469 4595 1534 4655 XV.
1563 4601 1640 4656 ut.

107 4689 135 4748 a}
155 4683 275 4746 LXVI.
298 4707 328 4764 p.
344 4709 384 4745 nt.
413 4701 493 4754 1087.
592 4689 625 4761 s)
653 4689 684 4748 in
701 4676 887 4752 hintiochico
914 4689 950 4749 T·
967 4687 1005 4753 ll·
1030 4695 1141 4775 1³:³49·
1235 4689 1269 4764 g)
1296 4687 1328 4744 in
1345 4684 1492 4762 llisopog·
1519 4704 1549 4762 p·
1568 4691 1641 4750 hii·
1709 4713 1713 4720 ’

107 4773 139 4846 h)
159 4775 314 4852 Chranupr.
332 4777 458 4842 L-Vlll.
477 4797 509 4856 p.
530 4799 567 4840 ta·
588 4781 632 4845 io·
1062 4774 1071 4789 ⁸
1296 4863 1350 4930 m
1373 4881 1391 4904 Λ
