4196 5458
430 679 441 690 ‚
482 583 1017 662 ovrotrntrtctrvto
1050 589 1340 672 tvosrse.
1573 579 1685 698 'tto

132 758 260 821 talium
290 753 450 823 Bbteooli
475 757 689 842 professore..
708 755 903 820 liestoelii.
940 753 1071 840 pridem
1099 755 1244 836 Adiuro,
1279 759 1475 837 brieasrse,
1511 765 1705 842 Uolerone.
1734 819 1737 828 .

131 873 167 922 et
186 853 327 942 Lipsiae
347 879 439 944 ¹779·
471 860 578 944 Hujus
599 857 706 923 libelli
727 857 902 923 indicium.
940 857 1014 933 tte,
1036 856 1178 944 (lenique
1198 859 1281 924 lulio
1301 861 1515 946 Sublaegero.
1544 870 1587 940 At
1606 891 1687 954 paos

130 979 210 1023 cum
234 960 374 1046 primum
394 961 436 1025 url
457 981 511 1026 rue
532 961 694 1046 perlitum
715 959 795 1036 init,
825 959 904 1028 min
941 959 1119 1042 Tyebsenii
1135 981 1177 1052 oa
1193 961 1256 1026 boo
1274 983 1413 1030 numero
1432 967 1598 1032 eximendi
1617 990 1688 1036 een

129 1063 201 1126 rari
222 1080 352 1128 meeum
373 1062 464 1148 ipse,
498 1083 564 1152 quo
590 1075 686 1148 puoto
716 1063 769 1126 vir
793 1059 884 1126 nulls
938 1061 1222 1140 tesuntWisius,
1242 1063 1453 1148 etAdlerns3
1474 1073 1686 1155 nequeenim

130 1165 293 1229 broteuus
314 1183 357 1228 ex
375 1163 488 1227 itudiis
507 1165 629 1229 nostris
644 1159 740 1228 leude
758 1175 883 1250 speeta-
939 1161 975 1228 bi
995 1163 1178 1228 uuiversum
1197 1163 1426 1228 Hebraeorum
1446 1186 1609 1238 monetam
1628 1173 1687 1238 im·
1763 1176 1774 1196 ¹

128 1277 184 1328 tus
206 1265 373 1350 spondere
391 1267 494 1350 possit
512 1261 771 1329 demonstratum
794 1263 883 1330 felsi-
937 1283 1145 1350 pugnavere,
1167 1264 1226 1328 seo
1243 1265 1399 1350 quosdam
1418 1281 1540 1334 tantum
1556 1295 1684 1354 numos,

126 1379 233 1431 tutem
256 1387 446 1444 rumorum,
477 1387 563 1454 quoa
581 1367 733 1453 plerique
758 1367 897 1434 saeculi,
937 1379 975 1428 ut
995 1355 1125 1434 dicetur
1150 1366 1243 1432 inire.
1279 1369 1332 1432 De
1354 1368 1489 1454 reliquis
1511 1387 1685 1460 autequam

127 1469 307 1550 praeteriti
330 1467 519 1554 antiquarii,
548 1471 730 1552 praesentis
754 1489 880 1547 omnes,
936 1464 1092 1552 judicium
1116 1467 1210 1544 lero,
1236 1486 1334 1532 nosse
1359 1473 1548 1556 cumprimis
1572 1479 1683 1558 uelim,

128 1573 187 1654 qui
210 1571 246 1633 in
267 1589 366 1636 srens
386 1583 497 1634 nostru
518 1569 728 1648 excelluere,
755 1569 883 1635 fraudis
937 1567 1076 1632 camele
1097 1587 1270 1632 numurum
1294 1577 1442 1636 veterum
1464 1573 1549 1654 tide,
1583 1591 1682 1663 etque

128 1673 320 1760 suspicione
337 1673 499 1736 immunes
521 1683 596 1734 sunt
616 1672 769 1756 professi.
800 1675 880 1738 Cre·
936 1669 1124 1755 integritate
1156 1669 1285 1754 agitur,
1317 1693 1520 1760 nequequam
1550 1680 1683 1754 audien·

125 1776 176 1842 sit
191 1774 379 1852 admiratio,
397 1771 753 1860 quandotleindeopus
771 1773 878 1859 ipsum
937 1767 999 1834 tlos
1023 1783 1078 1836 aut
1103 1771 1300 1838 vetustiores
1323 1775 1401 1838 artis
1427 1793 1557 1844 nostrae
1582 1785 1699 1868 magi·‚

126 1879 318 1962 inspicere,
355 1889 391 1940 et
425 1887 692 1966 argumentorum
730 1877 878 1942 obtusam
936 1883 1038 1950 utros,
1065 1873 1181 1958 quibas
1207 1893 1274 1938 non
1300 1888 1403 1954 tanta,
1429 1895 1545 1964 quantu
1568 1885 1679 1965 bodie,

125 1981 255 2056 aciem,
272 1979 411 2064 quorum
428 1997 504 2040 mox
521 1998 646 2040 summu
661 1978 764 2062 cupita
779 1999 880 2064 expo·
935 1993 1109 2038 numerum
1139 1976 1233 2060 copie
1263 1993 1394 2061 praesto
1419 1979 1500 2060 luit,
1529 1998 1583 2048 aut
1611 2007 1680 2066 eos,

125 2103 222 2158 narn,
246 2079 385 2164 contigit
406 2077 562 2163 experiri.
592 2077 722 2142 Proeliis
743 2079 877 2146 biennio
936 2075 992 2159 qui
1012 2076 1169 2160 mojorem
1190 2097 1323 2162 operum
1342 2080 1382 2144 ad
1400 2083 1620 2167 colligendam
1638 2109 1683 2152 ex

125 2195 205 2266 post
229 2181 390 2245 indicatus
409 2201 507 2265 supro
528 2179 663 2243 Perezii
680 2179 813 2262 Bayerii
833 2181 877 2244 tle
933 2177 1040 2240 numis
1062 2177 1229 2244 veteribus
1251 2179 1487 2261 eruditionem,
1515 2207 1612 2272 quarn
1638 2189 1682 2254 ad

125 2285 238 2347 onmis
265 2280 658 2346 Hebraeo-Samaritanis
684 2279 790 2359 liber,
818 2301 878 2345 oo·
934 2277 1178 2343 examinantium
1220 2299 1335 2344 eorum
1378 2282 1478 2348 fidem
1527 2289 1680 2358 attulere.

126 2399 234 2450 strum
254 2382 386 2468 quidem
404 2385 549 2447 omnium
566 2381 731 2445 communi
747 2381 894 2465 appluuae
935 2377 1080 2457 Omnes,
1118 2401 1199 2465 quos
1228 2383 1383 2448 continuo
1413 2391 1620 2469 enumerari,
1650 2393 1681 2456 si

127 2509 166 2552 su
197 2498 368 2570 seoeptus,
394 2499 427 2548 at
456 2481 642 2567 Tyebsenio
671 2482 812 2560 invisus,
843 2497 878 2548 et
932 2481 1082 2546 Pstinum
1100 2479 1229 2560 tlemus,
1260 2481 1513 2582 edualterutram
1537 2491 1679 2558 olassem
1712 2509 1716 2517 ⁴

126 2585 220 2673 quod
240 2601 354 2670 postea
378 2587 500 2673 patuit,
531 2583 794 2666 gravissimorum
815 2585 879 2648 ira·
933 2583 1118 2665 pertinent,
1148 2586 1226 2668 quin
1248 2599 1323 2650 sunt
1343 2587 1377 2650 in
1398 2587 1516 2654 horum
1538 2613 1678 2660 numero

123 2711 204 2753 rum
223 2707 329 2768 usuum
370 2687 459 2783 Quas
485 2685 573 2750 enim
600 2696 669 2755 tum
696 2683 879 2750 admoverit
933 2682 1102 2760 nonnulli,
1140 2704 1278 2770 quorum
1309 2687 1351 2752 de
1380 2710 1420 2754 re
1453 2694 1680 2762 numisnratioa

125 2787 295 2853 msobinss
310 2787 443 2853 bomine
460 2786 590 2852 ttosrsti
605 2785 873 2872 planeindignas,
931 2785 1049 2848 merita
1067 2783 1139 2850 lore
1155 2799 1230 2850 suut
1247 2788 1369 2872 ignoto.
1400 2793 1555 2876 Magnum
1572 2798 1679 2879 Tych-

125 2889 248 2976 quibus
266 2887 316 2953 uti
340 2909 408 2954 non
435 2889 559 2966 solent,
590 2887 655 2950 nisi
679 2889 735 2973 qui
757 2909 873 2954 osusae
931 2887 1025 2950 senio
1041 2884 1083 2946 uti
1101 2907 1228 2950 oausam
1251 2910 1340 2952 soum
1362 2881 1561 2959 momentum
1577 2897 1611 2958 in
1629 2899 1679 2982 ju·

125 3013 208 3058 sose
231 2991 638 3076 viribusqueinsiubitunt,
661 3003 697 3052 ut
713 2991 874 3074 puteolani
930 2987 1018 3052 tlioio
1038 2987 1250 3070 Sublaegeri,
1273 2990 1426 3057 tbssauro
1447 2997 1679 3082 Suro-gotba-

124 3093 307 3160 stlsersarii
320 3089 875 3176 elersreteuistimutionemfflsye·
928 3107 973 3152 no
993 3089 1168 3172 praelecti,
1191 3110 1288 3172 quem
1310 3093 1345 3154 in
1368 3095 1485 3161 libello
1507 3099 1679 3164 Germani·

124 3197 196 3262 rius
225 3197 297 3280 ipse
325 3214 436 3259 amore
462 3193 675 3276 conqueritur
698 3193 731 3256 io
758 3213 872 3278 opere,
929 3209 970 3254 ee
997 3189 1121 3274 scripto
1151 3189 1295 3274 dejerat,
1330 3196 1492 3288 omnium,
1529 3200 1584 3284 qui
1613 3220 1676 3282 per

124 3297 217 3383 quosl
233 3294 697 3380 'I'yobseuiiorimiuationibus
716 3315 874 3378 provooe·
927 3291 1095 3377 Europam
1123 3293 1290 3360 seientiam
1316 3317 1488 3362 numerum
1520 3301 1676 3383 proliten-

125 3415 179 3464 tus
198 3397 336 3484 sulpure
352 3409 603 3479 nuperuoaotus
621 3395 746 3472 lueret,
771 3395 874 3481 quotl-
928 3405 997 3469 tor,
1026 3393 1097 3456 sina
1126 3393 1225 3458 ‹iobio
1253 3415 1325 3462 esse
1353 3403 1674 3482 praestantissimum,

122 3521 190 3588 qne
221 3501 332 3586 operis
359 3499 410 3564 sui
440 3497 670 3584 praecedentis
696 3497 873 3564 Vindicius
927 3493 1083 3582 cujusque
1098 3495 1139 3560 od
1155 3495 1226 3577 ejus
1242 3495 1485 3566 libelliealoem
1501 3506 1675 3588 epistolem

120 3603 345 3686 inscripserat.
926 3595 968 3674 sti
989 3617 1025 3660 se
1046 3597 1198 3682 scriptam
1220 3598 1346 3678 odient,
1378 3624 1440 3688 qua
1469 3604 1616 3670 eruditus
1642 3609 1671 3670 is

188 3703 322 3768 Summa
335 3699 516 3770 sententiae
530 3723 549 3766 a
563 3719 696 3766 moroso
709 3699 773 3766 boo
787 3699 872 3786 jutt-
925 3696 977 3764 uir
991 3711 1138 3774 testatur,
1154 3699 1279 3764 nullum
1295 3701 1357 3764 sibi
1369 3703 1526 3770 buotenos
1537 3727 1673 3774 numum

122 3826 163 3872 oe
185 3805 271 3870 lutee
291 3805 374 3870 bueo
395 3815 467 3871 este
496 3823 614 3868 numos
627 3801 870 3868 Hebrum-Sa·
925 3798 1117 3864 charactere
1131 3802 1333 3888 Seruaritsuo
1349 3805 1541 3890 inscriptum
1558 3829 1673 3876 ooour·

121 3908 301 3974 mesitanus
323 3907 365 3971 ad
387 3927 486 3971 unum
506 3923 620 3970 omnes
637 3921 710 3968 esse
727 3903 868 3988 spurios,
923 3899 1026 3978 risse,
1048 3901 1104 3986 qui
1124 3904 1302 3970 seeundum
1324 3909 1402 3972 artis
1423 3923 1554 3975 nostrae
1575 3909 1671 3996 leges

121 4025 256 4092 etopus
273 4007 315 4072 sb
331 4007 563 4092 impostoribus
580 4007 613 4068 iu
629 4005 775 4070 tenebris
794 4026 870 4091 per·
925 4015 981 4066 sut
1010 4022 1077 4066 uon
1109 4007 1277 4090 propalam
1306 4007 1423 4086 islsos,
1465 4024 1520 4074 aut
1554 4013 1671 4080 saltem

2 4187 3 4204 χ
120 4125 250 4188 sotum,
275 4124 310 4173 st
331 4109 458 4194 cupidis
478 4109 665 4194 antiquariis
687 4109 869 4177 obtrusum.
925 4125 991 4168 nou
1010 4119 1180 4188 suspectus
1198 4107 1260 4171 sibi
1278 4123 1366 4173 esset
1380 4109 1478 4180 visus.
1506 4111 1579 4204 Qua
1598 4116 1670 4200 ejus

119 4213 165 4276 Et
194 4231 311 4276 osusse
338 4210 471 4297 quidem
505 4209 699 4274 temerariae
730 4212 871 4296 patroci-
925 4206 1085 4272 sententia
1100 4209 1271 4293 magnifiee
1289 4211 1469 4277 collaudata
1486 4215 1577 4280 addit
1593 4237 1670 4282 oon·

120 4315 214 4378 nium
228 4310 475 4378 auetoritatibus
497 4333 598 4396 agere
621 4313 769 4378 instituit.
803 4313 869 4394 Ait,
926 4309 1017 4377 tinoo
1026 4309 1246 4395 Tyobseniust
1265 4325 1298 4378 et
1310 4315 1536 4380 dubitabimus
1550 4318 1670 4400 odisee,

119 4417 209 4480 istud
225 4415 334 4498 ipsum
355 4435 422 4480 non
443 4415 555 4500 paneis
572 4415 651 4479 siris
670 4413 806 4478 eruditis
821 4415 867 4478 vi·
923 4431 987 4494 ouo
1008 4415 1118 4478 missus
1133 4436 1251 4478 numos
1266 4415 1458 4494 Hebraicis,
1486 4419 1540 4482 oei
1555 4418 1671 4486 Somo-

118 4539 208 4594 sum,
237 4516 364 4582 Othoni
392 4515 598 4602 sperlingio,
628 4513 865 4602 Christopltoro
923 4518 1046 4580 titanis
1062 4517 1173 4580 literis
1187 4519 1365 4600 inscriptos
1381 4520 1427 4580 od
1440 4539 1541 4582 unum
1557 4541 1670 4588 omnes

116 4618 363 4704 ngsoseilio,
404 4617 524 4684 lucobo
552 4617 732 4703 Bssoagio,
768 4619 866 4682 Coro·
923 4619 965 4682 ob
987 4619 1223 4700 impostoribus
1236 4619 1430 4702 fabricatos
1455 4627 1670 4686 statuemus?

116 4719 153 4786 lo
172 4721 309 4800 l’stino,
333 4721 511 4788 Francisoo
530 4720 642 4798 Wise,
674 4739 710 4788 ao
734 4721 866 4787 nonita
924 4717 1050 4810 Quibus
1076 4719 1232 4804 perlectis
1239 4719 1356 4884 Mcoepi
1383 4721 1530 4804 pendere
1557 4723 1667 4806 enimi,

784 4845 788 4854 ⁴
1297 4841 1329 4884 m
1353 4841 1424 4886 ms
