4160 5454
533 559 1148 656 *suessanuuutae
1362 665 1363 668 Ὺ
1571 587 1644 656 aaa

359 779 378 814 ,
461 731 480 768 ⁴
566 777 584 812 ,
901 727 1096 810 habeamus,
1125 732 1283 798 habemus
1309 747 1418 800 tamen
1445 755 1565 821 paucos
1595 759 1653 804 re·

163 835 273 898 cenos
295 851 381 918 ergo
403 831 532 898 urbium
550 848 667 897 numos
684 849 757 897 cum
777 851 843 898 non
903 853 996 920 gum,
1020 833 1066 900 ds*
1085 833 1211 920 quihus·
1225 836 1391 903 continuo.
1421 825 1423 828 ’

452 1351 1292 1550 ancusanmnuian

110 1697 242 1832 Horam
257 1747 369 1812 series
384 1765 489 1831 egena
507 1763 541 1814 et
562 1769 692 1829 manea,
715 1764 749 1815 et
766 1771 846 1814 non·
904 1771 945 1816 ex
972 1752 1078 1815 nomii
1106 1752 1271 1828 arsamis,
1299 1751 1436 1826 Xerxis,
1472 1751 1576 1828 Sami,
1614 1766 1648 1813 et

110 1847 280 1926 nullorum,
314 1871 400 1934 quos
427 1871 527 1935 reges
552 1853 644 1916 numi
665 1853 846 1938 appellant,
904 1875 1002 1938 quem
1030 1875 1071 1918 ex
1101 1853 1216 1917 eadem
1247 1874 1341 1917 causa
1369 1853 1556 1930 hunroco,
1588 1855 1650 1915 tui·

109 1951 168 2032 ipsa
188 1951 320 2015 nomina
352 1953 508 2016 historiae
536 1952 609 2018 fers
637 1955 767 2038 ignota,
800 1957 847 2020 sic
903 1955 1063 2020 thridatis.
1109 1955 1250 2038 Seqoior
1280 1955 1430 2036 ectasin
1458 1953 1651 2017 Armeniaca

109 2065 138 2114 ut
161 2070 217 2134 per
243 2053 456 2136 conjecturas
483 2055 605 2118 tantum
634 2055 678 2120 ab*
702 2059 848 2120 externis
905 2056 966 2120 hac
986 2057 1067 2119 tiara
1089 2056 1164 2118 coni
1183 2055 1308 2136 apicem
1330 2057 1507 2133 truncavit,
1538 2055 1652 2130 credo,

109 2152 285 2236 quibusdam
322 2155 424 2240 signia
453 2155 572 2238 petitas
600 2156 701 2220 luisse
730 2159 845 2222 Arme·
903 2157 1057 2220 ut‘radiis
1079 2157 1189 2219 locum
1211 2158 1353 2232 faceret,
1376 2157 1492 2241 quibua
1515 2156 1652 2218 subinde

108 2255 171 2318 uiae
186 2273 282 2340 reges
305 2257 408 2320 liccat
425 2269 580 2323 statuere.
602 2257 697 2327 Vnde
714 2259 845 2336 iactum,
903 2261 973 2342 ejus
995 2279 1085 2322 oram
1108 2257 1269 2335 distinxit,
1292 2257 1379 2342 quod
1401 2260 1505 2320 solem
1528 2259 1653 2340 impen-

110 2357 287 2436 ntsrnditi,
315 2357 371 2442 qui
388 2377 445 2421 eoa
462 2357 627 2423 illustrare
646 2373 846 2444 suntagres-
904 2359 969 2422 sius
1005 2358 1223 2424 observavere
1257 2360 1423 2433 Armenii,
1461 2357 1529 2423 sive
1563 2361 1652 2442 quod
1776 2431 1781 2437 ¹

109 2459 148 2534 si,
170 2457 268 2524 multa
285 2460 439 2544 impensa
460 2479 561 2544 opero
582 2461 845 2544 conjecturarum
904 2481 1020 2544 regum
1043 2461 1156 2542 Syriae
1184 2460 1307 2524 cultum
1336 2460 1488 2525 volebant
1518 2459 1649 2522 imitari.

110 2559 237 2646 denique
264 2561 395 2624 molem
421 2563 850 2646 cogerentur'obtrudcre,
903 2564 1009 2646 Hujus
1038 2563 1164 2625 formae
1193 2564 1274 2625 tiara
1302 2576 1471 2644 comparet
1491 2561 1525 2622 in
1547 2561 1650 2624 omni·

109 2661 211 2745 inqua
230 2661 509 2747 evolvendsplus
529 2664 646 2744 taedii,
672 2686 768 2748 quam
791 2685 847 2730 ve·
903 2666 965 2728 bus
993 2664 1213 2749 posteriorum
1240 2683 1357 2748 regum
1383 2663 1507 2739 onmis,
1539 2663 1653 2744 Tigra-

110 2763 333 2840 nescientiae
350 2767 560 2850 percipimus.
905 2767 971 2842 nis,
1003 2764 1211 2842 Artavasdis,
1245 2765 1400 2828 Antiochi
1425 2765 1481 2830 lV·
1506 2763 1653 2826 Comma·

162 2865 249 2930 lotar
270 2866 368 2950 signs
389 2881 544 2948 externa,
566 2889 649 2954 quae
672 2868 850 2932 Armeniae
906 2868 999 2953 geni,
1025 2882 1058 2930 et
1078 2865 1220 2929 filiorum
1241 2867 1419 2951 Epiphania
1441 2880 1473 2928 et
1494 2864 1653 2940 Callinici,

109 2987 197 3051 rages
221 2968 463 3044 discriminant,
497 2972 686 3054 reponimus
712 2985 849 3055 tegmen
906 2983 940 3033 et
961 2967 1079 3033 eodem
1102 2971 1255 3052 exemplo
1275 2971 1308 3030 in
1328 2961 1470 3030 denariis
1488 2969 1533 3031 M.
1552 2967 1653 3028 Anto-

109 3069 210 3154 cspitis
227 3071 262 3130 in
285 3070 452 3154 fastigium
476 3091 569 3136 more
596 3094 711 3158 regum
741 3073 849 3135 orieu·
906 3073 966 3148 nii,
994 3085 1028 3134 et
1045 3073 1200 3155 Augusti,
1228 3073 1280 3155 qui
1306 3069 1482 3132 Armeniae
1504 3067 1652 3132 devictae

110 3169 146 3230 tis
172 3170 295 3234 abiens.
339 3171 426 3234 lllud
446 3187 583 3258 recepto
612 3194 705 3238 more
733 3176 848 3238 tiaram
906 3173 1100 3236 testimoniis
1129 3173 1321 3256 gloriantur.
1356 3173 1472 3256 Neque
1500 3169 1553 3234 hia
1577 3189 1654 3233 con·

111 3270 192 3334 lubet
208 3273 432 3358 compellare,
457 3276 519 3339 etsi
538 3276 571 3337 in
590 3275 755 3339 nonnullis
772 3297 849 3340 con·
907 3275 987 3338 stitit
1018 3276 1159 3340 novandi
1189 3295 1298 3352 amor,
1341 3295 1417 3335 nam
1448 3274 1569 3334 inserta
1602 3271 1654 3332 illi

110 3373 233 3436 trariotn
264 3375 346 3438 milti
372 3374 500 3440 videam
526 3376 760 3453 Pellerinium,
792 3377 848 3461 qui
907 3395 1011 3454 astra,
1058 3377 1255 3440 adstantibus
1296 3395 1528 3459 nonnunquam
1568 3372 1654 3434 binis
1722 3381 1736 3386 “

110 3475 229 3555 prolixa
260 3478 481 3562 disputatione
512 3500 621 3542 soram
652 3479 771 3554 tiarae,
814 3491 847 3540 et
907 3479 1090 3565 aquilis‚in
1105 3479 1272 3544 nonnullis
1287 3477 1517 3560 Commagenis
1534 3474 1654 3538 inscul-

110 3577 237 3656 rnitrae,
280 3595 316 3643 et
354 3581 472 3643 cidaris
508 3581 649 3643 formam
683 3581 849 3664 explicare
908 3599 982 3667 ptus
1001 3581 1149 3664 scorpius
1167 3595 1229 3644 etc.
1257 3582 1348 3644 Haec
1369 3578 1533 3660 copiosius
1555 3594 1654 3657 expo·

112 3677 244 3743 instituit
267 3683 315 3762 ⁸),
347 3681 407 3746 sed
435 3703 497 3766 qna
524 3683 671 3767 perlecta
690 3683 850 3746 incertior
908 3689 958 3748 aui
985 3698 1178 3768 propterea,
1205 3696 1255 3756 ot,
1281 3703 1355 3744 cum
1379 3681 1467 3743 forte
1491 3677 1525 3737 id
1550 3697 1653 3760 genus

110 3799 213 3858 eram,
244 3783 495 3867 quamdudum.
536 3786 619 3847 Eam
651 3785 851 3868 regemele-
907 3788 998 3849 numi
1029 3787 1186 3848 hactenus
1220 3785 1325 3864 ignoti
1357 3791 1550 3854 occurrent,
1587 3797 1653 3838 non

107 3883 232 3948 neniae
255 3887 369 3950 tiaram
396 3909 437 3952 ex
458 3887 565 3971 primo
586 3887 749 3963 instituto,
776 3907 848 3950 cum
908 3889 1007 3952 modo
1024 3885 1150 3970 planius
1166 3885 1402 3968 intelligamus,
1419 3901 1477 3945 eos
1493 3881 1525 3941 in
1538 3885 1655 3942 Arme·

108 3984 294 4069 simplicitas
312 3989 420 4053 adlioc
439 3987 557 4064 valuit,
580 3988 681 4052 inisse
703 3989 848 4053 conicam
909 3993 993 4054 niam
1024 3989 1150 4074 potius,
1189 4007 1283 4072 quam
1318 3985 1474 4050 aliorsum
1506 3981 1656 4044 derivan-

108 4087 197 4150 nnllo
228 4089 292 4152 alio
319 4090 430 4154 addito
459 4105 670 4167 ornamento,
702 4091 764 4152 nisi
786 4091 850 4152 dia·
909 4094 986 4164 dos,
1006 4111 1124 4157 verum
1143 4089 1239 4152 etiam
1258 4089 1312 4152 coi
1328 4087 1542 4172 opportunius
1560 4082 1656 4148 aetati

109 4187 253 4269 demate,
279 4192 341 4278 ipsi
362 4193 515 4270 videntur
536 4192 659 4256 docere
681 4195 788 4268 numi,
812 4211 852 4254 cx
907 4195 1037 4281 'possint
1060 4191 1320 4268 adcommodati,
1346 4202 1498 4274 quantum
1517 4206 1578 4270 pet·
1597 4185 1655 4248 has

109 4287 226 4374 qm'bsu
262 4294 305 4372 ii,
348 4296 406 4382 qui
442 4295 631 4380 antiquitate
669 4307 852 4378 praestant,
911 4295 1063 4361 tenebras
1100 4295 1251 4370 licuerit,
1294 4292 1510 4376 dispiciamus.
1561 4285 1655 4360 Dixi,

110 4411 182 4458 cum
198 4395 312 4470 simili,
334 4415 442 4483 aeque
462 4397 596 4461 alterius
614 4395 741 4463 formae
756 4399 852 4474 tiara,
912 4401 1025 4464 tiaram
1066 4397 1149 4462 hanc
1189 4397 1286 4461 simul
1328 4392 1511 4458 diademate
1553 4388 1654 4449 fuisse

107 4515 208 4580 reges
238 4517 313 4564 suos
346 4513 553 4586 proponunt,
585 4511 622 4562 ut
656 4501 775 4567 sidere
804 4515 855 4566 est
911 4503 1110 4579 revinctam,
1141 4498 1229 4586 qued
1256 4497 1377 4563 docent
1397 4515 1469 4556 non
1485 4489 1657 4553 modo-in·

145 4815 178 4884 a)
199 4811 310 4874 Lettres
326 4836 357 4895 p.
366 4827 411 4892 90.
