4286 5478
450 583 524 660 kiill

451 737 550 806 bolus
574 749 667 824 patet·
685 733 837 820 filiusque
853 732 1042 796 Alexander
1055 733 1195 817 Pompe.

451 843 601 926 brorum
629 838 751 902 artibus
780 835 977 905 occumbunt
1002 854 1068 898 uno
1104 834 1195 898 dein·

452 963 530 1026 ceps
551 939 727 1025 superstite
750 937 936 1020 Antigono,
966 936 1008 1000 tle
1031 957 1096 1023 quo
1118 941 1194 1002 con'·

451 1045 552 1110 tiano.

661 1277 991 1349 ANTlGONVS.

515 1445 698 1512 Aristobuli
713 1449 753 1511 ll.
775 1447 874 1515 lilius.
917 1445 1034 1514 Vitatis
1052 1447 1193 1528 Pompe·

450 1553 600 1636 junonum
617 1549 760 1628 insidiis,
783 1547 918 1634 quibus,
940 1561 975 1610 nt
993 1547 1078 1622 disi,
1099 1559 1193 1630 pater

449 1653 619 1738 iratesque
652 1651 878 1728 succubuere,
907 1671 925 1712 a
947 1649 1030 1734 lulio
1052 1649 1192 1712 Caesare

450 1775 496 1820 ex
519 1755 672 1838 Aegypto
702 1751 828 1835 Syriam
856 1752 1007 1836 ingresso
1035 1749 1192 1817 adversus

448 1859 639 1941 Hyrcanum
674 1853 863 1939 pontificem
893 1872 930 1915 ae
963 1865 1112 1936 patruum
1139 1871 1194 1914 re·

451 1977 552 2044 pum
574 1955 712 2020 Iudaeae
738 1955 838 2036 petit,
867 1953 927 2018 sed
945 1971 1013 2018 uon
1029 1954 1192 2038 impetrat,

451 2056 542 2142 quod
558 2057 678 2122 Caesar
692 2059 863 2142 Antipatro
875 2055 1079 2146 Herodis'li.
1094 2055 1191 2140 patri,

450 2174 485 2226 et
502 2160 645 2248 Hyrcani
664 2160 698 2222 in
717 2159 816 2225 nebus
834 2159 983 2222 omnibus
1000 2157 1190 2222 administro

448 2261 556 2348 palem
583 2261 718 2326 faverat.
775 2259 896 2326 Occiso
928 2261 1069 2326 Caesare
1101 2259 1192 2325 Anti·

340 2401 343 2408 ·
450 2385 556 2448 gouus
582 2386 602 2427 a
624 2363 778 2440 Parthis,
811 2361 867 2445 qui
890 2363 932 2432 V.
955 2363 1076 2446 (1.7ιὴ
1106 2362 1192 2426 dure

449 2467 597 2530 Labieno
637 2465 762 2550 Syriam
797 2465 1006 2543 invaserant,
1043 2484 1191 2552 quosque

450 2569 576 2652 magnis
597 2567 660 2630 sibi
681 2565 871 2630 muneribus
900 2565 1110 2644 devinxerat,
1143 2569 1193 2628 lu·

449 2669 551 2732 dasne
572 2687 634 2732 rex
657 2667 861 2750 praepositus
883 2669 1068 2750 Hyrcanum
1092 2667 1191 2734 foede

449 2771 632 2836 mutilatum
677 2767 918 2851 Hierosolymis
960 2769 1077 2852 ejicit,
1120 2770 1191 2854 ipse

448 2872 585 2937 biennio
610 2883 685 2954 post
710 2892 730 2933 a
749 2871 799 2936 ll.
816 2871 980 2948 Antonio,
1010 2871 1066 2958 qui
1086 2872 1193 2936 Hero-

450 2975 525 3039 slem
560 2971 698 3035 Iudaeae
737 2991 853 3055 regem
888 2972 1093 3058 designavit,
1133 2994 1194 3057 per

450 3077 582 3142 Sosium
607 3075 752 3158 legatum
771 3075 917 3158 capitur,
938 3075 1105 3160 virgisque
1121 3095 1193 3139 cae

452 3201 507 3244 sus
531 3177 641 3243 securi
668 3177 851 3262 percutitur
871 3177 913 3244 V.
931 3177 969 3243 C.
991 3178 1054 3260 716
1075 3177 1194 3261 princi·

450 3301 548 3366 pum,
567 3297 751 3364 regumque
769 3278 878 3363 stirpis
894 3279 1192 3344 Hassmouneerum

449 3395 647 3468 postremus.

744 3617 898 3686 Numi:

514 3820 562 3844 ·.·
581 3821 596 3839 ·
614 3821 628 3838 ·
650 3781 894 3850 ΑΝἸῚΓΝΟΤ
925 3790 1002 3875 (sic)
1033 3789 1193 3871 scriptam

514 3891 724 3956 extrinsecus
741 3889 866 3950 atroam
884 3909 1050 3955 eoronam.

451 3993 591 4074 Duplex
604 3991 838 4072 cornucopiae,
852 3993 945 4054 intra
955 3995 1044 4071 quod
1052 3993 1139 4056 duas
1152 3991 1194 4055 li·

452 4106 544 4156 terae
554 4091 804 4166 Samaritanae,
821 4091 944 4154 nircum
957 4092 1046 4156 illud
1055 4096 1193 4158 extritis

452 4194 534 4257 aliis
550 4195 745 4276 superstites
765 4191 885 4255 literae
899 4165 965 4276 by]
999 4239 1006 4272 ,
1029 4204 1055 4277 3
1077 4193 1193 4258 Ceben

453 4293 553 4378 gadol
569 4293 745 4366 (Sacerdos
765 4305 930 4375 magnus).
1018 4296 1076 4358 .tt.
1099 4297 1194 4382 (Bar-

451 4393 652 4479 tbelemy·B.
667 4395 708 4461 Β.
726 4394 822 4460 Tora.
836 4395 954 4464 mv.
975 4417 1008 4480 p.
1019 4401 1089 4481 lto)

534 4491 775 4562 BAcmeoc.
793 4495 862 4560 AN
866 4493 1018 4564 Ttrott.
1035 4501 1128 4566 intra
1142 4518 1195 4568 co·

537 4619 663 4663 renum.
1183 4623 1185 4630 ·

456 4695 680 4784 Cornucopios
692 4698 852 4783 stapha,
871 4701 994 4802 cirrum
1010 4705 1138 4773 similes
1154 4706 1195 4773 ii·

817 559 966 637 ttvnt
1001 547 1333 640 antiteta-vlt
1366 555 1655 638 IVDAEAE,

1250 745 1344 798 teror
1367 739 1436 834 yffi
1464 701 1532 815 5η]
1555 741 1690 814 praeter
1711 733 1859 798 extrita
1889 731 1992 800 anas.
2125 719 2126 746 ¹

1250 835 1320 896 ΔΕ.
1333 835 1389 898 lll.
1414 829 1639 916 (Berthelerny
1654 833 1677 894 l.
1687 835 1734 916 c.)
1755 836 1793 896 ln
1808 833 1908 898 simili
1921 855 1993 898 mn

1251 937 1300 1000 sei
1322 935 1474 1000 Caesarei
1504 935 1639 1000 adverto
1666 935 1848 1001 luculentae
1878 937 1993 1001 literas

1251 1047 1348 1120 nm
1364 1037 1519 1100 llathath.
1540 1038 1633 1102 Alios
1649 1037 1730 1103 duos
1747 1037 1871 1102 similes
1882 1039 1995 1123 vulga-

1250 1139 1298 1204 vit
1313 1139 1528 1218 Pelleriuius,
1550 1139 1610 1202 sed
1631 1141 1664 1202 in
1685 1163 1751 1205 uno
1769 1141 1894 1226 legitur
1915 1139 1994 1202 ΒΑ-

1250 1235 1339 1304 cttl.
1362 1235 1539 1320 ANrtr„
1564 1242 1598 1303 in
1620 1241 1705 1306 aiios
1734 1237 1991 1308 Bactriano.

1251 1341 1329 1427 AN,
1352 1343 1421 1404 ΑΕ.
1435 1345 1475 1404 11.
1498 1342 1592 1422 (linis
1610 1343 1675 1408 tab.
1690 1345 1793 1427 xvi)

1331 1441 1583 1511 Bacllte'ttc,
1608 1440 1899 1510 ANTII'ONOT.
1934 1465 1994 1510 ex·

1333 1550 1498 1610 trinsecus
1508 1551 1667 1628 scriptum
1684 1553 1811 1612 ciream
1825 1565 1993 1625 coronam,

1333 1649 1425 1709 intra
1442 1667 1540 1726 quom
1557 1647 1599 1708 Ε.

1250 1749 1385 1830 Duplex
1406 1752 1641 1831 cornucopioe,
1664 1753 1757 1814 intra
1777 1751 1866 1832 qnod
1883 1755 1917 1812 et
1933 1767 1995 1812 ex·

1249 1864 1305 1913 tra
1321 1851 1443 1913 literae
1458 1851 1704 1920 Samaritanae.
1724 1851 1846 1914 nult
1866 1849 1994 1934 (Palto-

1248 1951 1300 2016 r'ut
1314 1949 1394 2012 Rois
1413 1949 1478 2016 tab.
1487 1951 1591 2038 illst.)

1260 2063 1267 2088 ⁸
1329 2047 1581 2119 BACIAGssC.
1613 2049 1900 2122 ΑΝΤΙΓΟΝΟΤ.
1930 2073 1993 2120 ex·

1331 2157 1497 2217 trinsecus
1506 2159 1665 2236 scriptum
1681 2159 1807 2220 circum
1824 2177 1991 2220 aaronem.

1248 2256 1385 2338 Duplex
1404 2260 1623 2339 cornucopine
1639 2257 1755 2319 multis
1770 2259 1861 2318 intra
1879 2269 1914 2321 ct
1933 2277 1995 2322 ex·

1248 2367 1302 2418 tra
1316 2357 1379 2417 lton
1392 2357 1502 2418 literis
1515 2355 1749 2420 Samaritanis.
1763 2356 1835 2418 AB.
1844 2357 1886 2426 lt.
1898 2357 1993 2440 (Pel-
2125 2443 2126 2462 Χ

1247 2456 1334 2520 lerin
1356 2457 1470 2540 Suppl.
1486 2459 1543 2526 tv.
1564 2478 1598 2542 p.
1618 2457 1705 2541 rto.)

1310 2561 1347 2620 lu
1368 2559 1498 2642 priores
1519 2559 1614 2624 binos
1643 2559 1760 2624 additis
1788 2580 1903 2624 eorum
1923 2561 1993 2627 ieo-

1247 2661 1360 2723 nismis
1387 2661 1558 2745 praeclare
1591 2674 1828 2727 commentatus
1853 2665 1994 2730 Bartho-

1247 2761 1373 2846 lemyus
1395 2783 1454 2827 eos
1478 2763 1599 2830 invicte
1626 2763 1704 2828 bnic
1732 2766 1900 2851 Antigono
1920 2767 1993 2830 rin·

1248 2865 1385 2943 dicarit,
1407 2885 1481 2929 oum
1502 2865 1543 2929 ab
1565 2865 1637 2928 aliis
1661 2879 1717 2929 aut
1737 2869 1905 2954 Antigono
1923 2872 1994 2933 lta-

1250 2965 1407 3030 cetioniae
1431 2969 1529 3050 regi,
1559 2979 1613 3032 aut
1631 2969 1797 3053 Antigono
1817 2971 1916 3036 Asiae
1938 2991 1992 3036 re·
2047 2991 2053 3000 ’

1250 3069 1302 3152 gi,
1331 3080 1385 3131 ant
1405 3069 1572 3153 Antigono
1596 3072 1723 3134 Ioannis
1742 3073 1888 3154 Hyrcani
1910 3071 1992 3152 filie,

1249 3172 1306 3254 qui
1330 3189 1405 3234 cnm
1441 3171 1545 3236 fratre
1569 3170 1805 3239 Aristobulol.
1838 3173 1994 3260 aliquam·

1248 3271 1305 3334 din
1329 3270 1470 3336 Iudaeae
1497 3292 1637 3356 reguum
1667 3275 1795 3352 tenuit,
1827 3275 1993 3342 adscribe·

1243 3386 1376 3440 rentnn
1416 3374 1497 3437 Plus
1518 3375 1687 3440 molestiae
1719 3363 1846 3442 ledere
1872 3379 1992 3444 literae

1250 3476 1491 3554 Samaritanae,
1527 3477 1616 3562 qnod
1635 3499 1754 3556 ¹eanum
1780 3479 1886 3563 major
1917 3501 1993 3576 pars

1247 3597 1364 3643 nomm
1396 3599 1463 3642 nou
1500 3580 1575 3644 tulit
1612 3582 1721 3663 palmi!
1752 3583 1993 3666 superstitibus,

1249 3701 1292 3744 ex
1319 3681 1455 3764 quibus,
1484 3695 1522 3745 nt
1541 3681 1629 3761 dixi,
1651 3683 1811 3750 vocabula
1837 3689 1994 3751 sacerdos

1249 3803 1392 3868 magnus
1420 3783 1646 3848 conficiuntur.
1689 3785 1781 3848 Idam
1811 3785 1893 3850 dass
1922 3790 1993 3853 lite·
2125 3823 2126 3836 t

1247 3905 1325 3962 ras,
1357 3904 1436 3969 quas
1463 3887 1499 3948 in
1530 3907 1634 3952 nuato
1661 3887 1770 3973 ptimo
1801 3888 1871 3952 dixi
1906 3893 1992 3956 iutra
2125 3899 2126 3910 ¹

1249 3985 1373 4071 ‹lnples
1418 3991 1636 4072 cornucopiae
1675 3991 1881 4070 consistere,
1912 3994 1994 4078 legit

1250 4100 1279 4170 κ
1295 4103 1352 4170 v,
1372 4087 1408 4150 itl
1429 4103 1498 4154 ests
1519 4093 1651 4182 ernost.
1673 4113 1794 4178 nempe
1815 4096 1914 4179 regni
1929 4097 1994 4160 An·
2125 4163 2126 4170 y

1249 4192 1364 4278 tigoni.
1387 4191 1478 4258 istud
1496 4192 1525 4256 si
1542 4213 1674 4272 verum,
1697 4195 1870 4279 probabile
1885 4201 1993 4276 etiarn,
2125 4245 2126 4252 κ

1248 4295 1397 4372 literam,
1428 4315 1512 4379 quae
1543 4307 1595 4359 est
1614 4295 1648 4357 in
1669 4316 1793 4362 corona
1815 4300 1907 4363 numi
1926 4301 1994 4378 llI.,

1250 4415 1412 4484 quamque
1432 4395 1636 4461 Pelles-iuius
1659 4399 1689 4461 E
1718 4399 1906 4479 existimat,
1945 4421 1995 4465 es·

1250 4518 1287 4563 se
1329 4500 1437 4584 potius
1482 4499 1740 4580 samaritanam,
1783 4515 1819 4568 et
1860 4501 1994 4588 quidem

1250 4603 1351 4684 aleph
1375 4601 1493 4667 eodem
1516 4601 1696 4687 explicata,
1719 4585 1766 4668 ari
1781 4604 1874 4688 cnjus
1894 4606 1994 4670 etism
2125 4651 2126 4668 t

1250 4702 1389 4772 formam
1417 4705 1454 4770 in
1479 4705 1570 4771 numi
1590 4705 1717 4791 pistoru
1737 4705 1876 4776 aoeeffit.
1918 4707 1995 4774 Pel-
